02RETORNO01COBRANCA       866800252060        FEPESE                        341BANCO ITAU S.A.09082101600BPI00035100821                                                                                                                                                                                                                                                                                   000001
10283566299000173866800252060                                 00000009            109000000095             I02090821000000000900000009            23082100000000140003410667601000000000000000000000000000000000000000000000000000000000000000000000000000000000000000000000000000000000000000000000         00000000000000000000000SAMUEL LEITE CASTELO                                                  000002
10283566299000173866800252060                                 00000010            109000000103             I02090821000000001000000010            24082100000000040003410289901000000000000000000000000000000000000000000000000000000000000000000000000000000000000000000000000000000000000000000000         00000000000000000000000IGOR DE JESUS PONTES                                                  000003
10283566299000173866800252060        BOLETO TESTE             00000098            109000000988             I02090821000000009800000098            12082100000000130003411236901000000000000000000000000000000000000000000000000000000000000000000000000000000000000000000000000000000000000000000000         00000000000000000000000DANIEL AUGUSTO KRUG                                                   000004
10283566299000173866800252060        BOLETO TESTE             00000099            109000000996             I02090821000000009900000099            12082100000000130003411236901000000000000000000000000000000000000000000000000000000000000000000000000000000000000000000000000000000000000000000000         00000000000000000000000DANIEL AUGUSTO KRUG                                                   000005
10283566299000173866800252060        BOLETO TESTE             00000100            109000001002             I02090821000000010000000100            12082100000000130003411236901000000000000000000000000000000000000000000000000000000000000000000000000000000000000000000000000000000000000000000000         00000000000000000000000DANIEL AUGUSTO KRUG                                                   000006
9201341          000000000000000000000000000000          000000000000000000000000000000                                                  000000000000000000000000000000          0000008900000000775000  10/08S000350000000500000000057000                                                                                                                                                                000007
