02RETORNO01COBRANCA       866800252060        FEPESE                        341BANCO ITAU S.A.12082101600BPI00038130821                                                                                                                                                                                                                                                                                   000001
10283566299000173866800252060                                 00000014            109000000145             I06110821000000001400000014            26082100000000040000015455101000000000017500000000000000000000000000000000000000000000000000000000000000000000000000382500000000000000000000000000   13082100000000000000000000000BEATRIZ MENDES MARQUES                                              B6000002
9201341          000000000000000000000000000000          000000000000000000000000000000                                                  000000000000000000000000000000          0000009000000000776000  13/08S000380000000100000000004000                                                                                                                                                                000003
