02RETORNO01COBRANCA       866800252060        FEPESE                        341BANCO ITAU S.A.13082101600BPI00039160821                                                                                                                                                                                                                                                                                   000001
10283566299000173866800252060                                 00000081            109000000814             I02130821000000008100000081            28082100000000040003411570101000000000000000000000000000000000000000000000000000000000000000000000000000000000000000000000000000000000000000000000         00000000000000000000000MILENA BECKER XAVIER                                                  000002
9201341          000000000000000000000000000000          000000000000000000000000000000                                                  000000000000000000000000000000          0000009100000000780000  16/08S000390000000100000000004000                                                                                                                                                                000003
