02RETORNO01COBRANCA       866800252060        FEPESE                        341BANCO ITAU S.A.11082101600BPI00037120821                                                                                                                                                                                                                                                                                   000001
10283566299000173866800252060                                 00000012            109000000129             I02110821000000001200000012            26082100000000040003410289901000000000000000000000000000000000000000000000000000000000000000000000000000000000000000000000000000000000000000000000         00000000000000000000000ANNA CAROLINA BRITO GOULART SA                                        000002
10283566299000173866800252060                                 00000014            109000000145             I02110821000000001400000014            26082100000000040003411570101000000000000000000000000000000000000000000000000000000000000000000000000000000000000000000000000000000000000000000000         00000000000000000000000BEATRIZ MENDES MARQUES                                                000003
10283566299000173866800252060                                 00000011            109000000111             I06100821000000001100000011            25082100000000040002600001801000000000017500000000000000000000000000000000000000000000000000000000000000000000000000382500000000000000000000000000   12082100000000000000000000000MICHELI APARECIDA DE OLIVEIRA                                       B3000004
9201341          000000000000000000000000000000          000000000000000000000000000000                                                  000000000000000000000000000000          0000009100000000780000  12/08S000370000000300000000012000                                                                                                                                                                000005
