02RETORNO01COBRANCA       866800252060        FEPESE                        341BANCO ITAU S.A.10082101600BPI00036110821                                                                                                                                                                                                                                                                                   000001
10283566299000173866800252060                                 00000011            109000000111             I02100821000000001100000011            25082100000000040003410289901000000000000000000000000000000000000000000000000000000000000000000000000000000000000000000000000000000000000000000000         00000000000000000000000MICHELI APARECIDA DE OLIVEIRA                                         000002
10283566299000173866800252060        BOLETO TESTE             00000013            109000000137             I02100821000000001300000013            01092100000000010003411236901000000000000000000000000000000000000000000000000000000000000000000000000000000000000000000000000000000000000000000000         00000000000000000000000DANIEL AUGUSTO KRUG                                                   000003
10283566299000173866800252060                                 00000010            109000000103             I06090821000000001000000010            24082100000000040000770001801000000000017500000000000000000000000000000000000000000000000000000000000000000000000000382500000000000000000000000000   11082100000000000000000000000IGOR DE JESUS PONTES                                                B3000004
9201341          000000000000000000000000000000          000000000000000000000000000000                                                  000000000000000000000000000000          0000009000000000776000  11/08S000360000000300000000009000                                                                                                                                                                000005
