02RETORNO01COBRANCA       866800252060        FEPESE                        341BANCO ITAU S.A.19082101600BPI00043200821                                                                                                                                                                                                                                                                                   000001
10283566299000173866800252060                                 00000101            109000001010             I02190821000000010100000101            03092100000000040003411570101000000000000000000000000000000000000000000000000000000000000000000000000000000000000000000000000000000000000000000000         00000000000000000000000JEREMIAS DE CAMPOS                                                    000002
10283566299000173866800252060                                 00000086            109000000863             I06180821000000008600000086            02092100000000040002600001801000000000017500000000000000000000000000000000000000000000000000000000000000000000000000382500000000000000000000000000   20082100000000000000000000000PEDRO PAULO DALLA BRIDA                                             B3000003
9201341          000000000000000000000000000000          000000000000000000000000000000                                                  000000000000000000000000000000          0000009700000000818000  20/08S000430000000200000000008000                                                                                                                                                                000004
