02RETORNO01COBRANCA       866800252060        FEPESE                        341BANCO ITAU S.A.23082101600BPI00045240821                                                                                                                                                                                                                                                                                   000001
10283566299000173866800252060                                 00000104            109000001044             I02230821000000010400000104            06092100000000040003417288401000000000000000000000000000000000000000000000000000000000000000000000000000000000000000000000000000000000000000000000         00000000000000000000000LUCIANA CORREA BECKER                                                 000002
9201341          000000000000000000000000000000          000000000000000000000000000000                                                  000000000000000000000000000000          0000009700000000818000  24/08S000450000000100000000004000                                                                                                                                                                000003
