02RETORNO01COBRANCA       866800252060        FEPESE                        341BANCO ITAU S.A.24082101600BPI00046250821                                                                                                                                                                                                                                                                                   000001
10283566299000173866800252060                                 00000105            109000001051             I02240821000000010500000105            08092100000000040003410203001000000000000000000000000000000000000000000000000000000000000000000000000000000000000000000000000000000000000000000000         00000000000000000000000MICHAEL HELLISON JANTORPE GOME                                        000002
9201341          000000000000000000000000000000          000000000000000000000000000000                                                  000000000000000000000000000000          0000009800000000822000  25/08S000460000000100000000004000                                                                                                                                                                000003
