02RETORNO01COBRANCA       866800252060        FEPESE                        341BANCO ITAU S.A.18082101600BPI00042190821                                                                                                                                                                                                                                                                                   000001
10283566299000173866800252060                                 00000086            109000000863             I02180821000000008600000086            02092100000000040003417293401000000000000000000000000000000000000000000000000000000000000000000000000000000000000000000000000000000000000000000000         00000000000000000000000PEDRO PAULO DALLA BRIDA                                               000002
10283566299000173866800252060                                 00000087            109000000871             I02180821000000008700000087            02092100000000140003410369901000000000000000000000000000000000000000000000000000000000000000000000000000000000000000000000000000000000000000000000         00000000000000000000000RODRIGO VICENTE DOS PRAZERES                                          000003
9201341          000000000000000000000000000000          000000000000000000000000000000                                                  000000000000000000000000000000          0000009700000000818000  19/08S000420000000200000000018000                                                                                                                                                                000004
