02RETORNO01COBRANCA       866800252060        FEPESE                        341BANCO ITAU S.A.30082101600BPI00048310821                                                                                                                                                                                                                                                                                   000001
10283566299000173866800252060                                 00000107            109000001077             I02300821000000010700000107            12092100000000080003410132101000000000000000000000000000000000000000000000000000000000000000000000000000000000000000000000000000000000000000000000         00000000000000000000000RAFAEL FRANCISCO DE AVILA LEHM                                        000002
9201341          000000000000000000000000000000          000000000000000000000000000000                                                  000000000000000000000000000000          0000009900000000830000  31/08S000480000000100000000008000                                                                                                                                                                000003
