02RETORNO01COBRANCA       866800252060        FEPESE                        341BANCO ITAU S.A.20082101600BPI00044230821                                                                                                                                                                                                                                                                                   000001
10283566299000173866800252060                                 00000101            109000001010             I06190821000000010100000101            03092100000000040000013047801000000000017500000000000000000000000000000000000000000000000000000000000000000000000000382500000000000000000000000000   23082100000000000000000000000JEREMIAS DE CAMPOS                                                  B6000002
9201341          000000000000000000000000000000          000000000000000000000000000000                                                  000000000000000000000000000000          0000009600000000814000  23/08S000440000000100000000004000                                                                                                                                                                000003
