02RETORNO01COBRANCA       866800252060        FEPESE                        341BANCO ITAU S.A.25082101600BPI00047260821                                                                                                                                                                                                                                                                                   000001
10283566299000173866800252060                                 00000106            109000001069             I02250821000000010600000106            09092100000000040003410088501000000000000000000000000000000000000000000000000000000000000000000000000000000000000000000000000000000000000000000000         00000000000000000000000CAMILA AYUMI YOKOYAMA                                                 000002
10283566299000173866800252060                                 00000104            109000001044             I06240821000000010400000104            06092100000000040007562797901000000000017500000000000000000000000000000000000000000000000000000000000000000000000000382500000000000000000000000000   26082100000000000000000000000LUCIANA CORREA BECKER                                               B3000003
9201341          000000000000000000000000000000          000000000000000000000000000000                                                  000000000000000000000000000000          0000009800000000822000  26/08S000470000000200000000008000                                                                                                                                                                000004
