02RETORNO01COBRANCA       866800252060        FEPESE                        341BANCO ITAU S.A.17082101600BPI00041180821                                                                                                                                                                                                                                                                                   000001
10283566299000173866800252060                                 00000083            109000000830             I02170821000000008300000083            01092100000000040003410289901000000000000000000000000000000000000000000000000000000000000000000000000000000000000000000000000000000000000000000000         00000000000000000000000ANA PAULA DE BARBA PERIUS                                             000002
10283566299000173866800252060                                 00000084            109000000848             I02170821000000008400000084            01092100000000040003410289901000000000000000000000000000000000000000000000000000000000000000000000000000000000000000000000000000000000000000000000         00000000000000000000000FRANCIELLE QUEIROZ DA SILVA                                           000003
10283566299000173866800252060                                 00000085            109000000855             I02170821000000008500000085            01092100000000080003410361601000000000000000000000000000000000000000000000000000000000000000000000000000000000000000000000000000000000000000000000         00000000000000000000000PAULO HENRIQUE LEITE VALENCA                                          000004
9201341          000000000000000000000000000000          000000000000000000000000000000                                                  000000000000000000000000000000          0000009500000000800000  18/08S000410000000300000000016000                                                                                                                                                                000005
