02RETORNO01COBRANCA       866800252060        FEPESE                        341BANCO ITAU S.A.09092101600BPI00053100921                                                                                                                                                                                                                                                                                   000001
10283566299000173866800252060                                 00001655            109000016554             I02090921000000165500001655            16092100000000080003414341401000000000000000000000000000000000000000000000000000000000000000000000000000000000000000000000000000000000000000000000         00000000000000000000000VALQUIRIA DUARTE VIEIRA RODRIG                                        000002
10283566299000173866800252060                                 00001656            109000016562             I02090921000000165600001656            16092100000000080003413883601000000000000000000000000000000000000000000000000000000000000000000000000000000000000000000000000000000000000000000000         00000000000000000000000HUGO HENRIQUE SAULLIN ALVARO                                          000003
9201341          000000000000000000000000000000          000000000000000000000000000000                                                  000000000000000000000000000000          0000010100000000860000  10/09S000530000000200000000016000                                                                                                                                                                000004
