02RETORNO01COBRANCA       866800252060        FEPESE                        341BANCO ITAU S.A.17092101600BPI00057200921                                                                                                                                                                                                                                                                                   000001
10283566299000173866800252060                                 00001661            109000016612             I02170921000000166100001661            24092100000000140003410113101000000000000000000000000000000000000000000000000000000000000000000000000000000000000000000000000000000000000000000000         00000000000000000000000ROBERTO RIVELINO MARTINS RIBEI                                        000002
10283566299000173866800252060                                 00001662            109000016620             I02170921000000166200001662            24092100000000080003414684701000000000000000000000000000000000000000000000000000000000000000000000000000000000000000000000000000000000000000000000         00000000000000000000000ALINIE ROCHA MENDES                                                   000003
10283566299000173866800252060                                 00001658            109000016588             I06160921000000165800001658            21092100000000080000770001801000000000017500000000000000000000000000000000000000000000000000000000000000000000000000782500000000000000000000000000   20092100000000000000000000000STELA BUENO MERGNER                                                 B3000004
9201341          000000000000000000000000000000          000000000000000000000000000000                                                  000000000000000000000000000000          0000010400000000896000  20/09S000570000000300000000030000                                                                                                                                                                000005
