02RETORNO01COBRANCA       866800252060        FEPESE                        341BANCO ITAU S.A.31082101600BPI00049010921                                                                                                                                                                                                                                                                                   000001
10283566299000173866800252060                                 00000108            109000001085             I02310821000000010800000108            15092100000000040003410548801000000000000000000000000000000000000000000000000000000000000000000000000000000000000000000000000000000000000000000000         00000000000000000000000SOFIA LORENA URRUTIA PINTO                                            000002
9201341          000000000000000000000000000000          000000000000000000000000000000                                                  000000000000000000000000000000          0000010000000000834000  01/09S000490000000100000000004000                                                                                                                                                                000003
