02RETORNO01COBRANCA       866800252060        FEPESE                        341BANCO ITAU S.A.21092101600BPI00059220921                                                                                                                                                                                                                                                                                   000001
10283566299000173866800252060                                 00001672            109000016729             I02210921000000167200001672            28092100000000040003410154501000000000000000000000000000000000000000000000000000000000000000000000000000000000000000000000000000000000000000000000         00000000000000000000000ARTHUR FERNANDES DA SILVA                                             000002
9201341          000000000000000000000000000000          000000000000000000000000000000                                                  000000000000000000000000000000          0000011300000000952000  22/09S000590000000100000000004000                                                                                                                                                                000003
