02RETORNO01COBRANCA       866800252060        FEPESE                        341BANCO ITAU S.A.23092101600BPI00061240921                                                                                                                                                                                                                                                                                   000001
10283566299000173866800252060        BOLETO TESTE             00000103            109000001036             I02230921000000010300000103            26092100000000140003411236901000000000000000000000000000000000000000000000000000000000000000000000000000000000000000000000000000000000000000000000         00000000000000000000000DANIEL AUGUSTO KRUG                                                   000002
10283566299000173866800252060                                 00001675            109000016752             I02230921000000167500001675            30092100000000080003410282401000000000000000000000000000000000000000000000000000000000000000000000000000000000000000000000000000000000000000000000         00000000000000000000000ELVIS JOEL RODRIGUES DA SILVA                                         000003
10283566299000173866800252060                                 00001676            109000016760             I02230921000000167600001676            30092100000000040003411236901000000000000000000000000000000000000000000000000000000000000000000000000000000000000000000000000000000000000000000000         00000000000000000000000DANIEL AUGUSTO KRUG                                                   000004
10283566299000173866800252060        FEPESE TST TAMANHO MAX 2510000001            109100000011             I02230921001000000110000001            20102100000000010003411236901000000000000000000000000000000000000000000000000000000000000000000000000000000000000000000000000000000000000000000000         00000000000000000000000DANIEL AUGUSTO KRUG                                                   000005
10283566299000173866800252060                                 00001672            109000016729             I06220921000000167200001672            28092100000000040002600001801000000000017500000000000000000000000000000000000000000000000000000000000000000000000000382500000000000000000000000000   24092100000000000000000000000ARTHUR FERNANDES DA SILVA                                           B3000006
9201341          000000000000000000000000000000          000000000000000000000000000000                                                  000000000000000000000000000000          0000011700000000973000  24/09S000610000000500000000031000                                                                                                                                                                000007
