02RETORNO01COBRANCA       866800252060        FEPESE                        341BANCO ITAU S.A.20092101600BPI00058210921                                                                                                                                                                                                                                                                                   000001
10283566299000173866800252060                                 00001663            109000016638             I02200921000000166300001663            25092100000000080003414683901000000000000000000000000000000000000000000000000000000000000000000000000000000000000000000000000000000000000000000000         00000000000000000000000ERICO NEGRINI                                                         000002
10283566299000173866800252060                                 00001664            109000016646             I02200921000000166400001664            26092100000000080003410289901000000000000000000000000000000000000000000000000000000000000000000000000000000000000000000000000000000000000000000000         00000000000000000000000AMANDA MANES KOCH                                                     000003
10283566299000173866800252060                                 00001665            109000016653             I02200921000000166500001665            26092100000000140003412897701000000000000000000000000000000000000000000000000000000000000000000000000000000000000000000000000000000000000000000000         00000000000000000000000MONICA ZAIDAN GOMES                                                   000004
10283566299000173866800252060                                 00001666            109000016661             I02200921000000166600001666            26092100000000080003410464801000000000000000000000000000000000000000000000000000000000000000000000000000000000000000000000000000000000000000000000         00000000000000000000000SIRLEI DE ANDRADE MACIEL                                              000005
10283566299000173866800252060                                 00001667            109000016679             I02200921000000166700001667            27092100000000040003410548801000000000000000000000000000000000000000000000000000000000000000000000000000000000000000000000000000000000000000000000         00000000000000000000000ANA CAROLINE OLEGARIO                                                 000006
10283566299000173866800252060                                 00001668            109000016687             I02200921000000166800001668            27092100000000040003410548801000000000000000000000000000000000000000000000000000000000000000000000000000000000000000000000000000000000000000000000         00000000000000000000000VANESSA CORAL                                                         000007
10283566299000173866800252060                                 00001669            109000016695             I02200921000000166900001669            27092100000000080003411675801000000000000000000000000000000000000000000000000000000000000000000000000000000000000000000000000000000000000000000000         00000000000000000000000MAURILIO ARRUDA DE ARAUJO                                             000008
10283566299000173866800252060                                 00001670            109000016703             I02200921000000167000001670            27092100000000080003411675801000000000000000000000000000000000000000000000000000000000000000000000000000000000000000000000000000000000000000000000         00000000000000000000000MAURILIO ARRUDA DE ARAUJO                                             000009
10283566299000173866800252060                                 00001671            109000016711             I02200921000000167100001671            27092100000000040003417489801000000000000000000000000000000000000000000000000000000000000000000000000000000000000000000000000000000000000000000000         00000000000000000000000EDIELSON PEREIRA PAIXAO                                               000010
10283566299000173866800252060                                 00001661            109000016612             I06170921000000166100001661            24092100000000140001043178101000000000017500000000000000000000000000000000000000000000000000000000000000000000000001382500000000000000000000000000   21092100000000000000000000000ROBERTO RIVELINO MARTINS RIBEI                                      B3000011
9201341          000000000000000000000000000000          000000000000000000000000000000                                                  000000000000000000000000000000          0000011200000000948000  21/09S000580000001000000000080000                                                                                                                                                                000012
