02RETORNO01COBRANCA       866800252060        FEPESE                        341BANCO ITAU S.A.01092101600BPI00050020921                                                                                                                                                                                                                                                                                   000001
10283566299000173866800252060                                 00000105            109000001051             I06310821000000010500000105            08092100000000040002600001801000000000017500000000000000000000000000000000000000000000000000000000000000000000000000382500000000000000000000000000   02092100000000000000000000000MICHAEL HELLISON JANTORPE GOME                                      B3000002
10283566299000173866800252060                                 00000108            109000001085             I06310821000000010800000108            15092100000000040002120001801000000000017500000000000000000000000000000000000000000000000000000000000000000000000000382500000000000000000000000000   02092100000000000000000000000SOFIA LORENA URRUTIA PINTO                                          B3000003
9201341          000000000000000000000000000000          000000000000000000000000000000                                                  000000000000000000000000000000          0000009800000000826000  02/09S000500000000200000000008000                                                                                                                                                                000004
