02RETORNO01COBRANCA       866800252060        FEPESE                        341BANCO ITAU S.A.22092101600BPI00060230921                                                                                                                                                                                                                                                                                   000001
10283566299000173866800252060                                 00001673            109000016737             I02220921000000167300001673            29092100000000080003410282401000000000000000000000000000000000000000000000000000000000000000000000000000000000000000000000000000000000000000000000         00000000000000000000000FILIPPI MICKAEL MARTINI HONORI                                        000002
10283566299000173866800252060                                 00001674            109000016745             I02220921000000167400001674            29092100000000040003410289901000000000000000000000000000000000000000000000000000000000000000000000000000000000000000000000000000000000000000000000         00000000000000000000000CRISTIANE MENDES                                                      000003
10283566299000173866800252060                                 00001665            109000016653             I06210921000000166500001665            26092100000000140000015763801000000000017500000000000000000000000000000000000000000000000000000000000000000000000001382500000000000000000000000000   23092100000000000000000000000MONICA ZAIDAN GOMES                                                 B6000004
9201341          000000000000000000000000000000          000000000000000000000000000000                                                  000000000000000000000000000000          0000011400000000950000  23/09S000600000000300000000026000                                                                                                                                                                000005
