02RETORNO01COBRANCA       866800252060        FEPESE                        341BANCO ITAU S.A.08092101600BPI00052090921                                                                                                                                                                                                                                                                                   000001
10283566299000173866800252060                                 00001653            109000016539             I02080921000000165300001653            15092100000000040003411236901000000000000000000000000000000000000000000000000000000000000000000000000000000000000000000000000000000000000000000000         00000000000000000000000DANIEL AUGUSTO KRUG                                                   000002
10283566299000173866800252060                                 00001654            109000016547             I02080921000000165400001654            15092100000000080003414684701000000000000000000000000000000000000000000000000000000000000000000000000000000000000000000000000000000000000000000000         00000000000000000000000ALINE ROBERTA HALIK                                                   000003
9201341          000000000000000000000000000000          000000000000000000000000000000                                                  000000000000000000000000000000          0000009900000000844000  09/09S000520000000200000000012000                                                                                                                                                                000004
