02RETORNO01COBRANCA       866800252060        FEPESE                        341BANCO ITAU S.A.15102101600BPI00075181021                                                                                                                                                                                                                                                                                   000001
10283566299000173866800252060                                 00001732            109000017321             I02151021000000173200001732            22102100000000140003410369901000000000000000000000000000000000000000000000000000000000000000000000000000000000000000000000000000000000000000000000         00000000000000000000000RODRIGO VICENTE DOS PRAZERES                                          000002
9201341          000000000000000000000000000000          000000000000000000000000000000                                                  000000000000000000000000000000          0000015500000001291220  18/10S000750000000100000000014000                                                                                                                                                                000003
