02RETORNO01COBRANCA       866800252060        FEPESE                        341BANCO ITAU S.A.27092101600BPI00062280921                                                                                                                                                                                                                                                                                   000001
10283566299000173866800252060                                 00001677            109000016778             I02270921000000167700001677            02102100000000140003410369901000000000000000000000000000000000000000000000000000000000000000000000000000000000000000000000000000000000000000000000         00000000000000000000000RODRIGO VICENTE DOS PRAZERES                                          000002
10283566299000173866800252060                                 00001678            109000016786             I02270921000000167800001678            04102100000000040003414683901000000000000000000000000000000000000000000000000000000000000000000000000000000000000000000000000000000000000000000000         00000000000000000000000JULIANA FERREIRA DE CARVALHO                                          000003
10283566299000173866800252060                                 00001671            109000016711             I06240921000000167100001671            27092100000000040002373929701000000000017500000000000000000000000000000000000000000000000000000000000000000000000000382500000000000000000000000000   28092100000000000000000000000EDIELSON PEREIRA PAIXAO                                             B3000004
9201341          000000000000000000000000000000          000000000000000000000000000000                                                  000000000000000000000000000000          0000011800000000987000  28/09S000620000000300000000022000                                                                                                                                                                000005
