02RETORNO01COBRANCA       866800252060        FEPESE                        341BANCO ITAU S.A.14102101600BPI00074151021                                                                                                                                                                                                                                                                                   000001
10283566299000173866800252060                                 00001730            109000017305             I02141021000000173000001730            21102100000000040003410200601000000000000000000000000000000000000000000000000000000000000000000000000000000000000000000000000000000000000000000000         00000000000000000000000BRUNA RIBEIRO ALVES                                                   000002
10283566299000173866800252060                                 00001731            109000017313             I02141021000000173100001731            21102100000000080003410330101000000000000000000000000000000000000000000000000000000000000000000000000000000000000000000000000000000000000000000000         00000000000000000000000DEBORA LONDERO KIELING                                                000003
10283566299000173866800252060                                 00001690            109000016901             I06131021000000169000001690            07102100000000040002600001801000000000017500000000000000000000000000000000000000000000000000000000000000000000000000382500000000000000000000000000   15102100000000000000000000000MARCELO CAVALIE GONCALVES                                           B3000004
10283566299000173866800252060                                 00001721            109000017214             I06131021000000172100001721            15102100000000040002600001801000000000017500000000000000000000000000000000000000000000000000000000000000000000000000382500000000000000000000000000   15102100000000000000000000000CRISTIANE MENDES                                                    B3000005
10283566299000173866800252060                                 00001726            109000017263             I06131021000000172600001726            19102100000000040003410295601000000000017500000000000000000000000000000000000000000000000000000000000000000000000000382500000000000000000000000000   15102100000000000000000000000EVELISE SOUZA DA SILVA                                              BL000006
9201341          000000000000000000000000000000          000000000000000000000000000000                                                  000000000000000000000000000000          0000015400000001277220  15/10S000740000000500000000024000                                                                                                                                                                000007
