02RETORNO01COBRANCA       866800252060        FEPESE                        341BANCO ITAU S.A.30092101600BPI00065011021                                                                                                                                                                                                                                                                                   000001
10283566299000173866800252060                                 00001683            109000016836             I02300921000000168300001683            07102100000000040003410109901000000000000000000000000000000000000000000000000000000000000000000000000000000000000000000000000000000000000000000000         00000000000000000000000GIOVANNA FLAUZINO SILVA                                               000002
10283566299000173866800252060                                 00001684            109000016844             I02300921000000168400001684            07102100000000080003410374901000000000000000000000000000000000000000000000000000000000000000000000000000000000000000000000000000000000000000000000         00000000000000000000000ADRIA TAYLLO ALVES OLIVEIRA                                           000003
10283566299000173866800252060                                 00001685            109000016851             I02300921000000168500001685            07102100000000040003414792801000000000000000000000000000000000000000000000000000000000000000000000000000000000000000000000000000000000000000000000         00000000000000000000000JESSICA LIMA SEIDENFUSS                                               000004
10283566299000173866800252060                                 00001686            109000016869             I02300921000000168600001686            07102100000000040003411570101000000000000000000000000000000000000000000000000000000000000000000000000000000000000000000000000000000000000000000000         00000000000000000000000RAUL BLIND DA SILVA                                                   000005
10283566299000173866800252060                                 00001687            109000016877             I02300921000000168700001687            07102100000000080003414792801000000000000000000000000000000000000000000000000000000000000000000000000000000000000000000000000000000000000000000000         00000000000000000000000EDUARDO MANFROI ROSITO                                                000006
10283566299000173866800252060                                 00001688            109000016885             I02300921000000168800001688            07102100000000080003413714301000000000000000000000000000000000000000000000000000000000000000000000000000000000000000000000000000000000000000000000         00000000000000000000000ELISANGELA PIASENTINI                                                 000007
10283566299000173866800252060                                 00001689            109000016893             I02300921000000168900001689            07102100000000040003410200601000000000000000000000000000000000000000000000000000000000000000000000000000000000000000000000000000000000000000000000         00000000000000000000000BRUNA RIBEIRO ALVES                                                   000008
10283566299000173866800252060                                 00001690            109000016901             I02300921000000169000001690            07102100000000040003410200601000000000000000000000000000000000000000000000000000000000000000000000000000000000000000000000000000000000000000000000         00000000000000000000000MARCELO CAVALIE GONCALVES                                             000009
10283566299000173866800252060                                 00001691            109000016919             I02300921000000169100001691            07102100000000080003412861301000000000000000000000000000000000000000000000000000000000000000000000000000000000000000000000000000000000000000000000         00000000000000000000000SHEILA ALICE TERTO GAJADHAR                                           000010
9201341          000000000000000000000000000000          000000000000000000000000000000                                                  000000000000000000000000000000          0000012900000001067000  01/10S000650000000900000000052000                                                                                                                                                                000011
