02RETORNO01COBRANCA       866800252060        FEPESE                        341BANCO ITAU S.A.19102101600BPI00077201021                                                                                                                                                                                                                                                                                   000001
10283566299000173866800252060                                 00001736            109000017362             I02191021000000173600001736            24102100000000080003410289901000000000000000000000000000000000000000000000000000000000000000000000000000000000000000000000000000000000000000000000         00000000000000000000000AMANDA MANES KOCH                                                     000002
10283566299000173866800252060                                 00001737            109000017370             I02191021000000173700001737            24102100000000080003411570101000000000000000000000000000000000000000000000000000000000000000000000000000000000000000000000000000000000000000000000         00000000000000000000000EDUARDO TRAMONTIN CASTANHA                                            000003
10283566299000173866800252060                                 00001738            109000017388             I02191021000000173800001738            24102100000000080003410804501000000000000000000000000000000000000000000000000000000000000000000000000000000000000000000000000000000000000000000000         00000000000000000000000RODRIGO RENGEL                                                        000004
10283566299000173866800252060                                 00001739            109000017396             I02191021000000173900001739            24102100000000040003410083601000000000000000000000000000000000000000000000000000000000000000000000000000000000000000000000000000000000000000000000         00000000000000000000000BARBARA VIEIRA CHILEZE                                                000005
10283566299000173866800252060                                 00001740            109000017404             I02191021000000174000001740            24102100000000080003410289901000000000000000000000000000000000000000000000000000000000000000000000000000000000000000000000000000000000000000000000         00000000000000000000000JANUARIO JOSE MONTEIRO                                                000006
10283566299000173866800252060                                 00001741            109000017412             I02191021000000174100001741            24102100000000040003413858801000000000000000000000000000000000000000000000000000000000000000000000000000000000000000000000000000000000000000000000         00000000000000000000000DEBORA DE LIMA BEGNINI                                                000007
10283566299000173866800252060                                 00001742            109000017420             I02191021000000174200001742            24102100000000080003410289901000000000000000000000000000000000000000000000000000000000000000000000000000000000000000000000000000000000000000000000         00000000000000000000000ANDERSON BETTI FRARE                                                  000008
10283566299000173866800252060                                 00001743            109000017438             I02191021000000174300001743            24102100000000040003412924901000000000000000000000000000000000000000000000000000000000000000000000000000000000000000000000000000000000000000000000         00000000000000000000000POLIANA LEITE GOMES                                                   000009
10283566299000173866800252060                                 00001744            109000017446             I02191021000000174400001744            24102100000000040003412861301000000000000000000000000000000000000000000000000000000000000000000000000000000000000000000000000000000000000000000000         00000000000000000000000RAFAELL SHIDA                                                         000010
10283566299000173866800252060                                 00001745            109000017453             I02191021000000174500001745            24102100000000040003410289901000000000000000000000000000000000000000000000000000000000000000000000000000000000000000000000000000000000000000000000         00000000000000000000000VITORIA ISABEL MARTINS                                                000011
10283566299000173866800252060                                 00001735            109000017354             I06181021000000173500001735            25102100000000040007481146001000000000017500000000000000000000000000000000000000000000000000000000000000000000000000382500000000000000000000000000   20102100000000000000000000000THIAGO SANTI                                                        B3000012
9201341          000000000000000000000000000000          000000000000000000000000000000                                                  000000000000000000000000000000          0000020700000002277734  20/10S000770000001100000000064000                                                                                                                                                                000013
