02RETORNO01COBRANCA       866800252060        FEPESE                        341BANCO ITAU S.A.05102101600BPI00068061021                                                                                                                                                                                                                                                                                   000001
10283566299000173866800252060                                 00001716            109000017164             I02051021000000171600001716            12102100000000040003411570101000000000000000000000000000000000000000000000000000000000000000000000000000000000000000000000000000000000000000000000         00000000000000000000000KATIA SCHUSSLER DE LIMA                                               000002
10283566299000173866800252060                                 00001715            109000017156             I06041021000000171500001715            11102100000000080000331068601000000000017500000000000000000000000000000000000000000000000000000000000000000000000000782500000000000000000000000000   06102100000000000000000000000LUIZ ERNANI DE CARVALHO JUNIOR                                      B3000003
10283566299000173866800252060        BOLETO TESTE             00000005            109000000053             I29051021000000000500000005            01082100000000010003410000001000000000076000000000000000000000000000000000000000000000000000000000000000000000000000000000000000000000000000000000         00000000000000000000000DANIEL AUGUSTO KRUG                                                   000004
10283566299000173866800252060        BOLETO TESTE             00000006            109000000061             I29051021000000000600000006            01082100000000010003410000001000000000076000000000000000000000000000000000000000000000000000000000000000000000000000000000000000000000000000000000         00000000000000000000000DANIEL AUGUSTO KRUG                                                   000005
10283566299000173866800252060        BOLETO TESTE             00000015            109000000152             I29051021000000001500000015            01082100000000010003410000001000000000076000000000000000000000000000000000000000000000000000000000000000000000000000000000000000000000000000000000         00000000000000000000000DANIEL AUGUSTO KRUG                                                   000006
9201341          000000000000000000000000000000          000000000000000000000000000000                                                  000000000000000000000000000000          0000014600000001181000  06/10S000680000000500000000015000                                                                                                                                                                000007
