02RETORNO01COBRANCA       866800252060        FEPESE                        341BANCO ITAU S.A.13102101600BPI00073141021                                                                                                                                                                                                                                                                                   000001
10283566299000173866800252060        FEPESE TESTE             00000010            109000000103             I02131021000000001000000010            25102100000000221103411236901000000000000000000000000000000000000000000000000000000000000000000000000000000000000000000000000000000000000000000000         00000000000000000000000DANIEL AUGUSTO KRUG                                                   000002
10283566299000173866800252060                                 00001726            109000017263             I02131021000000172600001726            19102100000000040003410592601000000000000000000000000000000000000000000000000000000000000000000000000000000000000000000000000000000000000000000000         00000000000000000000000EVELISE SOUZA DA SILVA                                                000003
10283566299000173866800252060                                 00001727            109000017271             I02131021000000172700001727            19102100000000140003410289901000000000000000000000000000000000000000000000000000000000000000000000000000000000000000000000000000000000000000000000         00000000000000000000000VALMIR EMIL HOFFMANN                                                  000004
10283566299000173866800252060                                 00001728            109000017289             I02131021000000172800001728            19102100000000080003414684701000000000000000000000000000000000000000000000000000000000000000000000000000000000000000000000000000000000000000000000         00000000000000000000000DANIELLE DE OLIVEIRA MAGALHAES                                        000005
10283566299000173866800252060                                 00001729            109000017297             I02131021000000172900001729            20102100000000040003410289901000000000000000000000000000000000000000000000000000000000000000000000000000000000000000000000000000000000000000000000         00000000000000000000000CARLOS JOSE MARTINS JUNIOR                                            000006
10283566299000173866800252060        FEPESE TESTE             00004176            109000041768             I02131021000000417600004176            25102100000000221103411236901000000000000000000000000000000000000000000000000000000000000000000000000000000000000000000000000000000000000000000000         00000000000000000000000DANIEL AUGUSTO KRUG                                                   000007
10283566299000173866800252060        BOLETO TESTE             00000094            109000000947             I29131021000000009400000094            08082100000000130003410000001000000000076000000000000000000000000000000000000000000000000000000000000000000000000000000000000000000000000000000000         00000000000000000000000DANIEL AUGUSTO KRUG                                                   000008
10283566299000173866800252060        BOLETO TESTE             00000095            109000000954             I29131021000000009500000095            08082100000000130003410000001000000000076000000000000000000000000000000000000000000000000000000000000000000000000000000000000000000000000000000000         00000000000000000000000DANIEL AUGUSTO KRUG                                                   000009
10283566299000173866800252060        BOLETO TESTE             00000096            109000000962             I29131021000000009600000096            08082100000000130003410000001000000000076000000000000000000000000000000000000000000000000000000000000000000000000000000000000000000000000000000000         00000000000000000000000DANIEL AUGUSTO KRUG                                                   000010
10283566299000173866800252060        BOLETO TESTE             00000097            109000000970             I29131021000000009700000097            08082100000000130003410000001000000000076000000000000000000000000000000000000000000000000000000000000000000000000000000000000000000000000000000000         00000000000000000000000DANIEL AUGUSTO KRUG                                                   000011
9201341          000000000000000000000000000000          000000000000000000000000000000                                                  000000000000000000000000000000          0000015500000001277220  14/10S000730000001000000000126220                                                                                                                                                                000012
