02RETORNO01COBRANCA       866800252060        FEPESE                        341BANCO ITAU S.A.20102101600BPI00078211021                                                                                                                                                                                                                                                                                   000001
10283566299000173866800252060                                 00001746            109000017461             I02201021000000174600001746            25102100000000090003411570101000000000000000000000000000000000000000000000000000000000000000000000000000000000000000000000000000000000000000000000         00000000000000000000000LARISSA MOREIRA LONGO                                                 000002
10283566299000173866800252060                                 00001747            109000017479             I02201021000000174700001747            25102100000000090003410289901000000000000000000000000000000000000000000000000000000000000000000000000000000000000000000000000000000000000000000000         00000000000000000000000GABRIEL MARTINS VALVERDE                                              000003
10283566299000173866800252060                                 00001748            109000017487             I02201021000000174800001748            25102100000000080003410374901000000000000000000000000000000000000000000000000000000000000000000000000000000000000000000000000000000000000000000000         00000000000000000000000ALINE ARAUJO FERNANDES                                                000004
10283566299000173866800252060                                 00001749            109000017495             I02201021000000174900001749            25102100000000040003410109901000000000000000000000000000000000000000000000000000000000000000000000000000000000000000000000000000000000000000000000         00000000000000000000000STEPHANY MAYUMI ARASE ROSENDO                                         000005
10283566299000173866800252060                                 00001750            109000017503             I02201021000000175000001750            25102100000000040003414792801000000000000000000000000000000000000000000000000000000000000000000000000000000000000000000000000000000000000000000000         00000000000000000000000JESSICA LIMA SEIDENFUSS                                               000006
10283566299000173866800252060                                 00001751            109000017511             I02201021000000175100001751            25102100000000080003411570101000000000000000000000000000000000000000000000000000000000000000000000000000000000000000000000000000000000000000000000         00000000000000000000000LAIS KARINE SARDA MARTINS                                             000007
10283566299000173866800252060                                 00001752            109000017529             I02201021000000175200001752            25102100000000080003410289901000000000000000000000000000000000000000000000000000000000000000000000000000000000000000000000000000000000000000000000         00000000000000000000000DAIANA RAFAELA PEDERSINI                                              000008
10283566299000173866800252060                                 00001753            109000017537             I02201021000000175300001753            25102100000000080003410330101000000000000000000000000000000000000000000000000000000000000000000000000000000000000000000000000000000000000000000000         00000000000000000000000LIZANA ILHA DA SILVA                                                  000009
10283566299000173866800252060                                 00001754            109000017545             I02201021000000175400001754            25102100000000080003410289901000000000000000000000000000000000000000000000000000000000000000000000000000000000000000000000000000000000000000000000         00000000000000000000000SILVANA MANNES                                                        000010
10283566299000173866800252060                                 00001755            109000017552             I02201021000000175500001755            25102100000000040003410109901000000000000000000000000000000000000000000000000000000000000000000000000000000000000000000000000000000000000000000000         00000000000000000000000GIOVANNA FLAUZINO SILVA                                               000011
10283566299000173866800252060                                 00001756            109000017560             I02201021000000175600001756            25102100000000040003411570101000000000000000000000000000000000000000000000000000000000000000000000000000000000000000000000000000000000000000000000         00000000000000000000000LARISSA MOREIRA LONGO                                                 000012
10283566299000173866800252060                                 00001757            109000017578             I02201021000000175700001757            25102100000000080003411235101000000000000000000000000000000000000000000000000000000000000000000000000000000000000000000000000000000000000000000000         00000000000000000000000EDEGAR LUIZ DEL SENT                                                  000013
10283566299000173866800252060                                 00001758            109000017586             I02201021000000175800001758            25102100000000080003410282401000000000000000000000000000000000000000000000000000000000000000000000000000000000000000000000000000000000000000000000         00000000000000000000000NELINHO DE JESUS VIEIRA                                               000014
10283566299000173866800252060                                 00001759            109000017594             I02201021000000175900001759            25102100000000080003411403501000000000000000000000000000000000000000000000000000000000000000000000000000000000000000000000000000000000000000000000         00000000000000000000000GLAYSSON AGUILAR DE ARAUJO                                            000015
10283566299000173866800252060                                 00001760            109000017602             I02201021000000176000001760            25102100000000080003410282401000000000000000000000000000000000000000000000000000000000000000000000000000000000000000000000000000000000000000000000         00000000000000000000000EDSON MIGUEL GRAEFF BORGES                                            000016
10283566299000173866800252060                                 00001761            109000017610             I02201021000000176100001761            25102100000000040003410289901000000000000000000000000000000000000000000000000000000000000000000000000000000000000000000000000000000000000000000000         00000000000000000000000GABRIEL MARTINS VALVERDE                                              000017
10283566299000173866800252060                                 00001762            109000017628             I02201021000000176200001762            25102100000000040003417189401000000000000000000000000000000000000000000000000000000000000000000000000000000000000000000000000000000000000000000000         00000000000000000000000DIEGO SILVA SANTOS                                                    000018
10283566299000173866800252060                                 00001763            109000017636             I02201021000000176300001763            25102100000000040003417488001000000000000000000000000000000000000000000000000000000000000000000000000000000000000000000000000000000000000000000000         00000000000000000000000SABRINA FRANCISCO DAVID                                               000019
10283566299000173866800252060                                 00001764            109000017644             I02201021000000176400001764            25102100000000040003411403501000000000000000000000000000000000000000000000000000000000000000000000000000000000000000000000000000000000000000000000         00000000000000000000000CASIANO GALVAO TORRES                                                 000020
10283566299000173866800252060                                 00001765            109000017651             I02201021000000176500001765            25102100000000080003417932701000000000000000000000000000000000000000000000000000000000000000000000000000000000000000000000000000000000000000000000         00000000000000000000000JEFFERSON LEANDRO SCHMIDT                                             000021
10283566299000173866800252060                                 00001766            109000017669             I02201021000000176600001766            25102100000000080003410361601000000000000000000000000000000000000000000000000000000000000000000000000000000000000000000000000000000000000000000000         00000000000000000000000THIAGO ANTONIO CAVALCANTI BIZI                                        000022
10283566299000173866800252060                                 00001767            109000017677             I02201021000000176700001767            25102100000000080003410592601000000000000000000000000000000000000000000000000000000000000000000000000000000000000000000000000000000000000000000000         00000000000000000000000VANESSA NOGUEZ MACHADO                                                000023
10283566299000173866800252060                                 00001768            109000017685             I02201021000000176800001768            25102100000000080003410361601000000000000000000000000000000000000000000000000000000000000000000000000000000000000000000000000000000000000000000000         00000000000000000000000ROBERTO DE CARVALHO CAVALCANTI                                        000024
10283566299000173866800252060                                 00001769            109000017693             I02201021000000176900001769            25102100000000080003410289901000000000000000000000000000000000000000000000000000000000000000000000000000000000000000000000000000000000000000000000         00000000000000000000000SHAIANE PISA KISTNER                                                  000025
10283566299000173866800252060                                 00001770            109000017701             I02201021000000177000001770            25102100000000080003410259201000000000000000000000000000000000000000000000000000000000000000000000000000000000000000000000000000000000000000000000         00000000000000000000000RODOLFO VIEIRA NUNES                                                  000026
10283566299000173866800252060                                 00001771            109000017719             I02201021000000177100001771            25102100000000080003410372301000000000000000000000000000000000000000000000000000000000000000000000000000000000000000000000000000000000000000000000         00000000000000000000000JOAO PAULO MACHADO RIBEIRO                                            000027
10283566299000173866800252060                                 00001772            109000017727             I02201021000000177200001772            25102100000000080003410629601000000000000000000000000000000000000000000000000000000000000000000000000000000000000000000000000000000000000000000000         00000000000000000000000ALVARO ANTONIO DA SILVA                                               000028
10283566299000173866800252060                                 00001773            109000017735             I02201021000000177300001773            25102100000000040003410292301000000000000000000000000000000000000000000000000000000000000000000000000000000000000000000000000000000000000000000000         00000000000000000000000GUILHERME SESTREM COTA                                                000029
10283566299000173866800252060                                 00001774            109000017743             I02201021000000177400001774            25102100000000080003410330101000000000000000000000000000000000000000000000000000000000000000000000000000000000000000000000000000000000000000000000         00000000000000000000000PAULO FERNANDO MARSCHNER                                              000030
10283566299000173866800252060                                 00001775            109000017750             I02201021000000177500001775            25102100000000080003410289901000000000000000000000000000000000000000000000000000000000000000000000000000000000000000000000000000000000000000000000         00000000000000000000000ANDREIA CITTADIN                                                      000031
10283566299000173866800252060                                 00001776            109000017768             I02201021000000177600001776            25102100000000140003410372301000000000000000000000000000000000000000000000000000000000000000000000000000000000000000000000000000000000000000000000         00000000000000000000000DIEGO DANTAS SIQUEIRA                                                 000032
10283566299000173866800252060                                 00001777            109000017776             I02201021000000177700001777            25102100000000080003410044801000000000000000000000000000000000000000000000000000000000000000000000000000000000000000000000000000000000000000000000         00000000000000000000000AVINER AUGUSTO SILVA MANOEL                                           000033
10283566299000173866800252060                                 00001778            109000017784             I02201021000000177800001778            25102100000000040003411403501000000000000000000000000000000000000000000000000000000000000000000000000000000000000000000000000000000000000000000000         00000000000000000000000PEDRO HENRIQUE SILVA CARVALHO                                         000034
10283566299000173866800252060                                 00001779            109000017792             I02201021000000177900001779            25102100000000080003410238601000000000000000000000000000000000000000000000000000000000000000000000000000000000000000000000000000000000000000000000         00000000000000000000000ALEXANDRE TEIXEIRA NORBERTO BA                                        000035
10283566299000173866800252060                                 00001780            109000017800             I02201021000000178000001780            25102100000000080003414049301000000000000000000000000000000000000000000000000000000000000000000000000000000000000000000000000000000000000000000000         00000000000000000000000REGIANE CRISTINA GOMES                                                000036
10283566299000173866800252060                                 00001781            109000017818             I02201021000000178100001781            25102100000000080003414020401000000000000000000000000000000000000000000000000000000000000000000000000000000000000000000000000000000000000000000000         00000000000000000000000SANDRA LACI PEITER                                                    000037
10283566299000173866800252060                                 00001782            109000017826             I02201021000000178200001782            25102100000000040003410548801000000000000000000000000000000000000000000000000000000000000000000000000000000000000000000000000000000000000000000000         00000000000000000000000JULIA BATISTA DE LIMA                                                 000038
10283566299000173866800252060                                 00001783            109000017834             I02201021000000178300001783            25102100000000080003410372301000000000000000000000000000000000000000000000000000000000000000000000000000000000000000000000000000000000000000000000         00000000000000000000000JESSICA ELLANY OLIVEIRA SILVA                                         000039
10283566299000173866800252060                                 00001784            109000017842             I02201021000000178400001784            25102100000000080003410372301000000000000000000000000000000000000000000000000000000000000000000000000000000000000000000000000000000000000000000000         00000000000000000000000DENER MATHEUS DA SILVA VIANA                                          000040
10283566299000173866800252060                                 00001785            109000017859             I02201021000000178500001785            25102100000000080003414792801000000000000000000000000000000000000000000000000000000000000000000000000000000000000000000000000000000000000000000000         00000000000000000000000LAUREN DAL BEM VENTURINI                                              000041
10283566299000173866800252060                                 00001786            109000017867             I02201021000000178600001786            25102100000000080003413726701000000000000000000000000000000000000000000000000000000000000000000000000000000000000000000000000000000000000000000000         00000000000000000000000EDINA CARINE DE SOUZA KINZLER                                         000042
10283566299000173866800252060                                 00001787            109000017875             I02201021000000178700001787            25102100000000080003410629601000000000000000000000000000000000000000000000000000000000000000000000000000000000000000000000000000000000000000000000         00000000000000000000000EMERSON ORSINI FERRARI                                                000043
10283566299000173866800252060                                 00001788            109000017883             I02201021000000178800001788            25102100000000080003410289901000000000000000000000000000000000000000000000000000000000000000000000000000000000000000000000000000000000000000000000         00000000000000000000000KATIA DALCERO                                                         000044
10283566299000173866800252060                                 00001789            109000017891             I02201021000000178900001789            25102100000000080003411282301000000000000000000000000000000000000000000000000000000000000000000000000000000000000000000000000000000000000000000000         00000000000000000000000RENATO CRUZ MENDES                                                    000045
10283566299000173866800252060                                 00001790            109000017909             I02201021000000179000001790            25102100000000080003410236001000000000000000000000000000000000000000000000000000000000000000000000000000000000000000000000000000000000000000000000         00000000000000000000000VERONICA AHIMARARAS VILLALBA                                          000046
10283566299000173866800252060                                 00001791            109000017917             I02201021000000179100001791            25102100000000040003410024001000000000000000000000000000000000000000000000000000000000000000000000000000000000000000000000000000000000000000000000         00000000000000000000000AMANDA LUANA ORLANDO                                                  000047
10283566299000173866800252060                                 00001792            109000017925             I02201021000000179200001792            25102100000000040003410289901000000000000000000000000000000000000000000000000000000000000000000000000000000000000000000000000000000000000000000000         00000000000000000000000BARBARA CARVALHO BORGES                                               000048
10283566299000173866800252060                                 00001793            109000017933             I02201021000000179300001793            25102100000000040003411570101000000000000000000000000000000000000000000000000000000000000000000000000000000000000000000000000000000000000000000000         00000000000000000000000NATALIA FARIAS ROCHA                                                  000049
10283566299000173866800252060                                 00001794            109000017941             I02201021000000179400001794            25102100000000080003410289901000000000000000000000000000000000000000000000000000000000000000000000000000000000000000000000000000000000000000000000         00000000000000000000000LARISSA DALLA CORTE EUZEBIO                                           000050
10283566299000173866800252060                                 00001795            109000017958             I02201021000000179500001795            25102100000000080003410372301000000000000000000000000000000000000000000000000000000000000000000000000000000000000000000000000000000000000000000000         00000000000000000000000MARCILENE PEREIRA DA SILVA                                            000051
10283566299000173866800252060                                 00001796            109000017966             I02201021000000179600001796            25102100000000040003410372301000000000000000000000000000000000000000000000000000000000000000000000000000000000000000000000000000000000000000000000         00000000000000000000000EVANDRO CESAR DE FIGUEIREDO MO                                        000052
10283566299000173866800252060                                 00001797            109000017974             I02201021000000179700001797            25102100000000080003416570601000000000000000000000000000000000000000000000000000000000000000000000000000000000000000000000000000000000000000000000         00000000000000000000000LUANA CRISTINA MEDEIROS DE LAR                                        000053
10283566299000173866800252060                                 00001798            109000017982             I02201021000000179800001798            25102100000000080003410289901000000000000000000000000000000000000000000000000000000000000000000000000000000000000000000000000000000000000000000000         00000000000000000000000VALERIA MATILDE DOS SANTOS                                            000054
10283566299000173866800252060                                 00001799            109000017990             I02201021000000179900001799            25102100000000080003410289901000000000000000000000000000000000000000000000000000000000000000000000000000000000000000000000000000000000000000000000         00000000000000000000000FABIO MINATTO                                                         000055
10283566299000173866800252060                                 00001800            109000018006             I02201021000000180000001800            25102100000000080003410059601000000000000000000000000000000000000000000000000000000000000000000000000000000000000000000000000000000000000000000000         00000000000000000000000ALESSANDRA DO NASCIMENTO RIGUE                                        000056
10283566299000173866800252060                                 00001801            109000018014             I02201021000000180100001801            25102100000000080003410289901000000000000000000000000000000000000000000000000000000000000000000000000000000000000000000000000000000000000000000000         00000000000000000000000MARILIA PARANAIBA FERREIRA                                            000057
10283566299000173866800252060                                 00001802            109000018022             I02201021000000180200001802            25102100000000080003410548801000000000000000000000000000000000000000000000000000000000000000000000000000000000000000000000000000000000000000000000         00000000000000000000000JONATAS DUTRA SALLABERRY                                              000058
10283566299000173866800252060                                 00001803            109000018030             I02201021000000180300001803            25102100000000080003412897701000000000000000000000000000000000000000000000000000000000000000000000000000000000000000000000000000000000000000000000         00000000000000000000000LUIZ SERGIO CARVALHO DE MELLO                                         000059
10283566299000173866800252060                                 00001804            109000018048             I02201021000000180400001804            25102100000000080003410040601000000000000000000000000000000000000000000000000000000000000000000000000000000000000000000000000000000000000000000000         00000000000000000000000RAIMUNDA MACILENA DA SILVA DE                                         000060
10283566299000173866800252060                                 00001805            109000018055             I02201021000000180500001805            25102100000000080003413118701000000000000000000000000000000000000000000000000000000000000000000000000000000000000000000000000000000000000000000000         00000000000000000000000PEDRO HENRIQUE DA SILVA MELO P                                        000061
10283566299000173866800252060                                 00001806            109000018063             I02201021000000180600001806            25102100000000080003413060101000000000000000000000000000000000000000000000000000000000000000000000000000000000000000000000000000000000000000000000         00000000000000000000000ISABEL TASSIANE ALVES SEVERINO                                        000062
10283566299000173866800252060                                 00001807            109000018071             I02201021000000180700001807            25102100000000080003410289901000000000000000000000000000000000000000000000000000000000000000000000000000000000000000000000000000000000000000000000         00000000000000000000000ZILTON BARTOLOMEU MARTINS                                             000063
10283566299000173866800252060                                 00001808            109000018089             I02201021000000180800001808            25102100000000080003412322601000000000000000000000000000000000000000000000000000000000000000000000000000000000000000000000000000000000000000000000         00000000000000000000000JAQUELINE DE PAULA SIQUEIRA DA                                        000064
10283566299000173866800252060                                 00001809            109000018097             I02201021000000180900001809            25102100000000140003417293401000000000000000000000000000000000000000000000000000000000000000000000000000000000000000000000000000000000000000000000         00000000000000000000000CARLOS EDUARDO LAVARDA                                                000065
10283566299000173866800252060                                 00001810            109000018105             I02201021000000181000001810            25102100000000080003414792801000000000000000000000000000000000000000000000000000000000000000000000000000000000000000000000000000000000000000000000         00000000000000000000000ELIS CARLOT AGOSTINI                                                  000066
10283566299000173866800252060                                 00001811            109000018113             I02201021000000181100001811            25102100000000040003410289901000000000000000000000000000000000000000000000000000000000000000000000000000000000000000000000000000000000000000000000         00000000000000000000000MANOELA CAROLINA JOENCK FREIRE                                        000067
10283566299000173866800252060                                 00001812            109000018121             I02201021000000181200001812            25102100000000080003411364901000000000000000000000000000000000000000000000000000000000000000000000000000000000000000000000000000000000000000000000         00000000000000000000000SERGIANA ALVES DA SILVA                                               000068
10283566299000173866800252060                                 00001813            109000018139             I02201021000000181300001813            25102100000000080003410059601000000000000000000000000000000000000000000000000000000000000000000000000000000000000000000000000000000000000000000000         00000000000000000000000PRISCYLA DE MOURA LOPES FURTAD                                        000069
10283566299000173866800252060                                 00001814            109000018147             I02201021000000181400001814            25102100000000080003410289901000000000000000000000000000000000000000000000000000000000000000000000000000000000000000000000000000000000000000000000         00000000000000000000000JAQUELINE SILVEIRA CARDOSO                                            000070
10283566299000173866800252060                                 00001815            109000018154             I02201021000000181500001815            25102100000000080003410233701000000000000000000000000000000000000000000000000000000000000000000000000000000000000000000000000000000000000000000000         00000000000000000000000LETICIA GUINATTI RODRIGUES                                            000071
10283566299000173866800252060                                 00001816            109000018162             I02201021000000181600001816            25102100000000080003410374901000000000000000000000000000000000000000000000000000000000000000000000000000000000000000000000000000000000000000000000         00000000000000000000000RAYANE FARIAS DOS SANTOS                                              000072
10283566299000173866800252060                                 00001817            109000018170             I02201021000000181700001817            25102100000000080003414792801000000000000000000000000000000000000000000000000000000000000000000000000000000000000000000000000000000000000000000000         00000000000000000000000FABRICIO NATANAEL MARTHA                                              000073
10283566299000173866800252060                                 00001818            109000018188             I02201021000000181800001818            25102100000000080003410293101000000000000000000000000000000000000000000000000000000000000000000000000000000000000000000000000000000000000000000000         00000000000000000000000PATRICIA PAIN                                                         000074
10283566299000173866800252060                                 00001819            109000018196             I02201021000000181900001819            25102100000000080003414020401000000000000000000000000000000000000000000000000000000000000000000000000000000000000000000000000000000000000000000000         00000000000000000000000MARTA RAQUEL ZUCHELLI FELIPETT                                        000075
10283566299000173866800252060                                 00001820            109000018204             I02201021000000182000001820            25102100000000040003410289901000000000000000000000000000000000000000000000000000000000000000000000000000000000000000000000000000000000000000000000         00000000000000000000000DENISE ISABEL RIZZI                                                   000076
10283566299000173866800252060                                 00001821            109000018212             I02201021000000182100001821            25102100000000080003412897701000000000000000000000000000000000000000000000000000000000000000000000000000000000000000000000000000000000000000000000         00000000000000000000000RAPHAEL DA FONSECA                                                    000077
10283566299000173866800252060                                 00001822            109000018220             I02201021000000182200001822            25102100000000040003410289901000000000000000000000000000000000000000000000000000000000000000000000000000000000000000000000000000000000000000000000         00000000000000000000000JEFFERSON ZIMMERMANN                                                  000078
9201341          000000000000000000000000000000          000000000000000000000000000000                                                  000000000000000000000000000000          0000028400000002835734  21/10S000780000007700000000558000                                                                                                                                                                000079
