02RETORNO01COBRANCA       866800252060        FEPESE                        341BANCO ITAU S.A.18102101600BPI00076191021                                                                                                                                                                                                                                                                                   000001
10283566299000173866800252060        BOLETO TESTE FEPESE      00000011            109000000111             I02181021000000001100000011            17102100000000223543411236901000000000000000000000000000000000000000000000000000000000000000000000000000000000000000000000000000000000000000000000         00000000000000000000000DANIEL AUGUSTO KRUG                                                   000002
10283566299000173866800252060        BOLETO TESTE FEPESE      00000014            109000000145             I02181021000000001400000014            17102100000000223543411236901000000000000000000000000000000000000000000000000000000000000000000000000000000000000000000000000000000000000000000000         00000000000000000000000DANIEL AUGUSTO KRUG                                                   000003
10283566299000173866800252060        BOLETO TESTE FEPESE      00000086            109000000863             I02181021000000008600000086            17102100000000223543411236901000000000000000000000000000000000000000000000000000000000000000000000000000000000000000000000000000000000000000000000         00000000000000000000000DANIEL AUGUSTO KRUG                                                   000004
10283566299000173866800252060        BOLETO TESTE FEPESE      00000101            109000001010             I02181021000000010100000101            17102100000000223543411236901000000000000000000000000000000000000000000000000000000000000000000000000000000000000000000000000000000000000000000000         00000000000000000000000DANIEL AUGUSTO KRUG                                                   000005
10283566299000173866800252060        BOLETO TESTE FEPESE      00000102            109000001028             I02181021000000010200000102            17102100000000223543411236901000000000000000000000000000000000000000000000000000000000000000000000000000000000000000000000000000000000000000000000         00000000000000000000000DANIEL AUGUSTO KRUG                                                   000006
10283566299000173866800252060        BOLETO TESTE FEPESE      00000104            109000001044             I02181021000000010400000104            17102100000000223543411236901000000000000000000000000000000000000000000000000000000000000000000000000000000000000000000000000000000000000000000000         00000000000000000000000DANIEL AUGUSTO KRUG                                                   000007
10283566299000173866800252060        BOLETO TESTE FEPESE      00000110            109000001101             I02181021000000011000000110            17102100000000223543411236901000000000000000000000000000000000000000000000000000000000000000000000000000000000000000000000000000000000000000000000         00000000000000000000000DANIEL AUGUSTO KRUG                                                   000008
10283566299000173866800252060        BOLETO TESTE FEPESE      00000111            109000001119             I02181021000000011100000111            17102100000000223543411236901000000000000000000000000000000000000000000000000000000000000000000000000000000000000000000000000000000000000000000000         00000000000000000000000DANIEL AUGUSTO KRUG                                                   000009
10283566299000173866800252060        BOLETO TESTE FEPESE      00000112            109000001127             I02181021000000011200000112            17102100000000223543411236901000000000000000000000000000000000000000000000000000000000000000000000000000000000000000000000000000000000000000000000         00000000000000000000000DANIEL AUGUSTO KRUG                                                   000010
10283566299000173866800252060        BOLETO TESTE FEPESE      00000113            109000001135             I02181021000000011300000113            17102100000000223543411236901000000000000000000000000000000000000000000000000000000000000000000000000000000000000000000000000000000000000000000000         00000000000000000000000DANIEL AUGUSTO KRUG                                                   000011
10283566299000173866800252060        BOLETO TESTE FEPESE      00000114            109000001143             I02181021000000011400000114            17102100000000223543411236901000000000000000000000000000000000000000000000000000000000000000000000000000000000000000000000000000000000000000000000         00000000000000000000000DANIEL AUGUSTO KRUG                                                   000012
10283566299000173866800252060        BOLETO TESTE FEPESE      00000115            109000001150             I02181021000000011500000115            17102100000000223543411236901000000000000000000000000000000000000000000000000000000000000000000000000000000000000000000000000000000000000000000000         00000000000000000000000DANIEL AUGUSTO KRUG                                                   000013
10283566299000173866800252060        BOLETO TESTE FEPESE      00000116            109000001168             I02181021000000011600000116            17102100000000223543411236901000000000000000000000000000000000000000000000000000000000000000000000000000000000000000000000000000000000000000000000         00000000000000000000000DANIEL AUGUSTO KRUG                                                   000014
10283566299000173866800252060        BOLETO TESTE FEPESE      00000117            109000001176             I02181021000000011700000117            17102100000000223543411236901000000000000000000000000000000000000000000000000000000000000000000000000000000000000000000000000000000000000000000000         00000000000000000000000DANIEL AUGUSTO KRUG                                                   000015
10283566299000173866800252060        BOLETO TESTE FEPESE      00000118            109000001184             I02181021000000011800000118            17102100000000223543411236901000000000000000000000000000000000000000000000000000000000000000000000000000000000000000000000000000000000000000000000         00000000000000000000000DANIEL AUGUSTO KRUG                                                   000016
10283566299000173866800252060        BOLETO TESTE FEPESE      00000119            109000001192             I02181021000000011900000119            17102100000000223543411236901000000000000000000000000000000000000000000000000000000000000000000000000000000000000000000000000000000000000000000000         00000000000000000000000DANIEL AUGUSTO KRUG                                                   000017
10283566299000173866800252060        BOLETO TESTE FEPESE      00000120            109000001200             I02181021000000012000000120            17102100000000223543411236901000000000000000000000000000000000000000000000000000000000000000000000000000000000000000000000000000000000000000000000         00000000000000000000000DANIEL AUGUSTO KRUG                                                   000018
10283566299000173866800252060        BOLETO TESTE FEPESE      00000121            109000001218             I02181021000000012100000121            17102100000000223543411236901000000000000000000000000000000000000000000000000000000000000000000000000000000000000000000000000000000000000000000000         00000000000000000000000DANIEL AUGUSTO KRUG                                                   000019
10283566299000173866800252060        BOLETO TESTE FEPESE      00000122            109000001226             I02181021000000012200000122            17102100000000223543411236901000000000000000000000000000000000000000000000000000000000000000000000000000000000000000000000000000000000000000000000         00000000000000000000000DANIEL AUGUSTO KRUG                                                   000020
10283566299000173866800252060        BOLETO TESTE FEPESE      00000123            109000001234             I02181021000000012300000123            17102100000000223543411236901000000000000000000000000000000000000000000000000000000000000000000000000000000000000000000000000000000000000000000000         00000000000000000000000DANIEL AUGUSTO KRUG                                                   000021
10283566299000173866800252060        BOLETO TESTE FEPESE      00000124            109000001242             I02181021000000012400000124            17102100000000223543411236901000000000000000000000000000000000000000000000000000000000000000000000000000000000000000000000000000000000000000000000         00000000000000000000000DANIEL AUGUSTO KRUG                                                   000022
10283566299000173866800252060        BOLETO TESTE FEPESE      00000125            109000001259             I02181021000000012500000125            18102100000000223543411236901000000000000000000000000000000000000000000000000000000000000000000000000000000000000000000000000000000000000000000000         00000000000000000000000DANIEL AUGUSTO KRUG                                                   000023
10283566299000173866800252060        BOLETO TESTE FEPESE      00000126            109000001267             I02181021000000012600000126            18102100000000223543411236901000000000000000000000000000000000000000000000000000000000000000000000000000000000000000000000000000000000000000000000         00000000000000000000000DANIEL AUGUSTO KRUG                                                   000024
10283566299000173866800252060        BOLETO TESTE FEPESE      00000127            109000001275             I02181021000000012700000127            18102100000000223543411236901000000000000000000000000000000000000000000000000000000000000000000000000000000000000000000000000000000000000000000000         00000000000000000000000DANIEL AUGUSTO KRUG                                                   000025
10283566299000173866800252060        BOLETO TESTE FEPESE      00000128            109000001283             I02181021000000012800000128            18102100000000223543411236901000000000000000000000000000000000000000000000000000000000000000000000000000000000000000000000000000000000000000000000         00000000000000000000000DANIEL AUGUSTO KRUG                                                   000026
10283566299000173866800252060        BOLETO TESTE FEPESE      00000129            109000001291             I02181021000000012900000129            18102100000000223543411236901000000000000000000000000000000000000000000000000000000000000000000000000000000000000000000000000000000000000000000000         00000000000000000000000DANIEL AUGUSTO KRUG                                                   000027
10283566299000173866800252060        BOLETO TESTE FEPESE      00000130            109000001309             I02181021000000013000000130            18102100000000223543411236901000000000000000000000000000000000000000000000000000000000000000000000000000000000000000000000000000000000000000000000         00000000000000000000000DANIEL AUGUSTO KRUG                                                   000028
10283566299000173866800252060        BOLETO TESTE FEPESE      00000131            109000001317             I02181021000000013100000131            18102100000000223543411236901000000000000000000000000000000000000000000000000000000000000000000000000000000000000000000000000000000000000000000000         00000000000000000000000DANIEL AUGUSTO KRUG                                                   000029
10283566299000173866800252060        BOLETO TESTE FEPESE      00000132            109000001325             I02181021000000013200000132            18102100000000223543411236901000000000000000000000000000000000000000000000000000000000000000000000000000000000000000000000000000000000000000000000         00000000000000000000000DANIEL AUGUSTO KRUG                                                   000030
10283566299000173866800252060        BOLETO TESTE FEPESE      00000133            109000001333             I02181021000000013300000133            18102100000000223543411236901000000000000000000000000000000000000000000000000000000000000000000000000000000000000000000000000000000000000000000000         00000000000000000000000DANIEL AUGUSTO KRUG                                                   000031
10283566299000173866800252060        BOLETO TESTE FEPESE      00000134            109000001341             I02181021000000013400000134            18102100000000223543411236901000000000000000000000000000000000000000000000000000000000000000000000000000000000000000000000000000000000000000000000         00000000000000000000000DANIEL AUGUSTO KRUG                                                   000032
10283566299000173866800252060        BOLETO TESTE FEPESE      00000135            109000001358             I02181021000000013500000135            18102100000000223543411236901000000000000000000000000000000000000000000000000000000000000000000000000000000000000000000000000000000000000000000000         00000000000000000000000DANIEL AUGUSTO KRUG                                                   000033
10283566299000173866800252060        BOLETO TESTE FEPESE      00000136            109000001366             I02181021000000013600000136            18102100000000223543411236901000000000000000000000000000000000000000000000000000000000000000000000000000000000000000000000000000000000000000000000         00000000000000000000000DANIEL AUGUSTO KRUG                                                   000034
10283566299000173866800252060        BOLETO TESTE FEPESE      00000137            109000001374             I02181021000000013700000137            18102100000000223543411236901000000000000000000000000000000000000000000000000000000000000000000000000000000000000000000000000000000000000000000000         00000000000000000000000DANIEL AUGUSTO KRUG                                                   000035
10283566299000173866800252060        BOLETO TESTE FEPESE      00000138            109000001382             I02181021000000013800000138            18102100000000223543411236901000000000000000000000000000000000000000000000000000000000000000000000000000000000000000000000000000000000000000000000         00000000000000000000000DANIEL AUGUSTO KRUG                                                   000036
10283566299000173866800252060        BOLETO TESTE FEPESE      00000139            109000001390             I02181021000000013900000139            18102100000000223543411236901000000000000000000000000000000000000000000000000000000000000000000000000000000000000000000000000000000000000000000000         00000000000000000000000DANIEL AUGUSTO KRUG                                                   000037
10283566299000173866800252060        BOLETO TESTE FEPESE      00000140            109000001408             I02181021000000014000000140            18102100000000223543411236901000000000000000000000000000000000000000000000000000000000000000000000000000000000000000000000000000000000000000000000         00000000000000000000000DANIEL AUGUSTO KRUG                                                   000038
10283566299000173866800252060        BOLETO TESTE FEPESE      00000141            109000001416             I02181021000000014100000141            18102100000000223543411236901000000000000000000000000000000000000000000000000000000000000000000000000000000000000000000000000000000000000000000000         00000000000000000000000DANIEL AUGUSTO KRUG                                                   000039
10283566299000173866800252060        BOLETO TESTE FEPESE      00000142            109000001424             I02181021000000014200000142            18102100000000223543411236901000000000000000000000000000000000000000000000000000000000000000000000000000000000000000000000000000000000000000000000         00000000000000000000000DANIEL AUGUSTO KRUG                                                   000040
10283566299000173866800252060        BOLETO TESTE FEPESE      00000143            109000001432             I02181021000000014300000143            18102100000000223543411236901000000000000000000000000000000000000000000000000000000000000000000000000000000000000000000000000000000000000000000000         00000000000000000000000DANIEL AUGUSTO KRUG                                                   000041
10283566299000173866800252060        BOLETO TESTE FEPESE      00000144            109000001440             I02181021000000014400000144            18102100000000223543411236901000000000000000000000000000000000000000000000000000000000000000000000000000000000000000000000000000000000000000000000         00000000000000000000000DANIEL AUGUSTO KRUG                                                   000042
10283566299000173866800252060                                 00001733            109000017339             I02181021000000173300001733            23102100000000140003414020401000000000000000000000000000000000000000000000000000000000000000000000000000000000000000000000000000000000000000000000         00000000000000000000000SILVANA ANITA WALTER                                                  000043
10283566299000173866800252060                                 00001734            109000017347             I02181021000000173400001734            24102100000000040003410088501000000000000000000000000000000000000000000000000000000000000000000000000000000000000000000000000000000000000000000000         00000000000000000000000CAMILA AYUMI YOKOYAMA                                                 000044
10283566299000173866800252060                                 00001735            109000017354             I02181021000000173500001735            25102100000000040003410345901000000000000000000000000000000000000000000000000000000000000000000000000000000000000000000000000000000000000000000000         00000000000000000000000THIAGO SANTI                                                          000045
10283566299000173866800252060                                 00001728            109000017289             I06151021000000172800001728            19102100000000080003410654401000000000017500000000000000000000000000000000000000000000000000000000000000000000000000782500000000000000000000000000   19102100000000000000000000000DANIELLE DE OLIVEIRA MAGALHAES                                      CP000046
10283566299000173866800252060        BOLETO TESTE             00000098            109000000988             I29181021000000009800000098            12082100000000130003410000001000000000076000000000000000000000000000000000000000000000000000000000000000000000000000000000000000000000000000000000         00000000000000000000000DANIEL AUGUSTO KRUG                                                   000047
10283566299000173866800252060        BOLETO TESTE             00000099            109000000996             I29181021000000009900000099            12082100000000130003410000001000000000076000000000000000000000000000000000000000000000000000000000000000000000000000000000000000000000000000000000         00000000000000000000000DANIEL AUGUSTO KRUG                                                   000048
10283566299000173866800252060        BOLETO TESTE             00000100            109000001002             I29181021000000010000000100            12082100000000130003410000001000000000076000000000000000000000000000000000000000000000000000000000000000000000000000000000000000000000000000000000         00000000000000000000000DANIEL AUGUSTO KRUG                                                   000049
9201341          000000000000000000000000000000          000000000000000000000000000000                                                  000000000000000000000000000000          0000019800000002221734  19/10S000760000004800000000985514                                                                                                                                                                000050
