02RETORNO01COBRANCA       866800252060        FEPESE                        341BANCO ITAU S.A.28092101600BPI00063290921                                                                                                                                                                                                                                                                                   000001
10283566299000173866800252060                                 00001679            109000016794             I02280921000000167900001679            05102100000000140003410289901000000000000000000000000000000000000000000000000000000000000000000000000000000000000000000000000000000000000000000000         00000000000000000000000KELLI CRISTINA HONORIO DE BITT                                        000002
10283566299000173866800252060                                 00001675            109000016752             I06270921000000167500001675            30092100000000080006550001801000000000017500000000000000000000000000000000000000000000000000000000000000000000000000782500000000000000000000000000   29092100000000000000000000000ELVIS JOEL RODRIGUES DA SILVA                                       B3000003
9201341          000000000000000000000000000000          000000000000000000000000000000                                                  000000000000000000000000000000          0000011800000000993000  29/09S000630000000200000000022000                                                                                                                                                                000004
