02RETORNO01COBRANCA       866800252060        FEPESE                        341BANCO ITAU S.A.29092101600BPI00064300921                                                                                                                                                                                                                                                                                   000001
10283566299000173866800252060                                 00001680            109000016802             I02290921000000168000001680            06102100000000080003410548801000000000000000000000000000000000000000000000000000000000000000000000000000000000000000000000000000000000000000000000         00000000000000000000000CLARISSA FRANCINE CRUZ DE SOUZ                                        000002
10283566299000173866800252060                                 00001681            109000016810             I02290921000000168100001681            06102100000000040003410548801000000000000000000000000000000000000000000000000000000000000000000000000000000000000000000000000000000000000000000000         00000000000000000000000DINARA DAS NEVES ANTUNES                                              000003
10283566299000173866800252060                                 00001682            109000016828             I02290921000000168200001682            06102100000000140003410548801000000000000000000000000000000000000000000000000000000000000000000000000000000000000000000000000000000000000000000000         00000000000000000000000TIAGO DE MOURA                                                        000004
10283566299000173866800252060                                 00001678            109000016786             I06280921000000167800001678            04102100000000040000331901801000000000017500000000000000000000000000000000000000000000000000000000000000000000000000382500000000000000000000000000   30092100000000000000000000000JULIANA FERREIRA DE CARVALHO                                        B3000005
9201341          000000000000000000000000000000          000000000000000000000000000000                                                  000000000000000000000000000000          0000012000000001015000  30/09S000640000000400000000030000                                                                                                                                                                000006
