02RETORNO01COBRANCA       866800252060        FEPESE                        341BANCO ITAU S.A.04102101600BPI00067051021                                                                                                                                                                                                                                                                                   000001
10283566299000173866800252060                                 00001704            109000017040             I02041021000000170400001704            09102100000000040003411236901000000000000000000000000000000000000000000000000000000000000000000000000000000000000000000000000000000000000000000000         00000000000000000000000DANIEL AUGUSTO KRUG                                                   000002
10283566299000173866800252060                                 00001711            109000017115             I02041021000000171100001711            09102100000000040003411236901000000000000000000000000000000000000000000000000000000000000000000000000000000000000000000000000000000000000000000000         00000000000000000000000DANIEL AUGUSTO KRUG                                                   000003
10283566299000173866800252060                                 00001712            109000017123             I02041021000000171200001712            09102100000000040003411236901000000000000000000000000000000000000000000000000000000000000000000000000000000000000000000000000000000000000000000000         00000000000000000000000DANIEL AUGUSTO KRUG                                                   000004
10283566299000173866800252060                                 00001713            109000017131             I02041021000000171300001713            09102100000000080003410129701000000000000000000000000000000000000000000000000000000000000000000000000000000000000000000000000000000000000000000000         00000000000000000000000HELENICE SOUZA GONCALVES                                              000005
10283566299000173866800252060                                 00001714            109000017149             I02041021000000171400001714            11102100000000140003416570601000000000000000000000000000000000000000000000000000000000000000000000000000000000000000000000000000000000000000000000         00000000000000000000000AMANDA BEATRIZ NASATTO CORREA                                         000006
10283566299000173866800252060                                 00001715            109000017156             I02041021000000171500001715            11102100000000080003411403501000000000000000000000000000000000000000000000000000000000000000000000000000000000000000000000000000000000000000000000         00000000000000000000000LUIZ ERNANI DE CARVALHO JUNIOR                                        000007
10283566299000173866800252060                                 00001700            109000017008             I06011021000000170000001700            08102100000000080002120001801000000000017500000000000000000000000000000000000000000000000000000000000000000000000000782500000000000000000000000000   05102100000000000000000000000MARIO HENRIQUE GAMA DE OLIVEIR                                      B3000008
10283566299000173866800252060        BOLETO TESTE             00000001            109000000012             I29041021000000000100000001            31072100000000010003410000001000000000076000000000000000000000000000000000000000000000000000000000000000000000000000000000000000000000000000000000         00000000000000000000000DANIEL AUGUSTO KRUG                                                   000009
10283566299000173866800252060        BOLETO TESTE             00000002            109000000020             I29041021000000000200000002            31072100000000010003410000001000000000076000000000000000000000000000000000000000000000000000000000000000000000000000000000000000000000000000000000         00000000000000000000000DANIEL AUGUSTO KRUG                                                   000010
10283566299000173866800252060        BOLETO TESTE             00000003            109000000038             I29041021000000000300000003            31072100000000010003410000001000000000076000000000000000000000000000000000000000000000000000000000000000000000000000000000000000000000000000000000         00000000000000000000000ECHO PONG                                                             000011
10283566299000173866800252060        BOLETO TESTE             00000004            109000000046             I29041021000000000400000004            31072100000000010003410000001000000000076000000000000000000000000000000000000000000000000000000000000000000000000000000000000000000000000000000000         00000000000000000000000DANIEL AUGUSTO KRUG                                                   000012
9201341          000000000000000000000000000000          000000000000000000000000000000                                                  000000000000000000000000000000          0000014600000001185000  05/10S000670000001100000000054000                                                                                                                                                                000013
