02RETORNO01COBRANCA       866800252060        FEPESE                        341BANCO ITAU S.A.07102101600BPI00070081021                                                                                                                                                                                                                                                                                   000001
10283566299000173866800252060                                 00001720            109000017206             I02071021000000172000001720            14102100000000140003410369901000000000000000000000000000000000000000000000000000000000000000000000000000000000000000000000000000000000000000000000         00000000000000000000000RODRIGO VICENTE DOS PRAZERES                                          000002
10283566299000173866800252060                                 00001691            109000016919             I06061021000000169100001691            07102100000000080000011619601000000000017500000000000000000000000000000000000000000000000000000000000000000000000000782500000000000000000000000000   08102100000000000000000000000SHEILA ALICE TERTO GAJADHAR                                         B6000003
10283566299000173866800252060        BOLETO TESTE             00000016            109000000160             I29071021000000001600000016            03082100000000090003410000001000000000076000000000000000000000000000000000000000000000000000000000000000000000000000000000000000000000000000000000         00000000000000000000000DANIEL AUGUSTO KRUG                                                   000004
10283566299000173866800252060        BOLETO TESTE             00000017            109000000178             I29071021000000001700000017            03082100000000090003410000001000000000076000000000000000000000000000000000000000000000000000000000000000000000000000000000000000000000000000000000         00000000000000000000000DANIEL AUGUSTO KRUG                                                   000005
10283566299000173866800252060        BOLETO TESTE             00000018            109000000186             I29071021000000001800000018            03082100000000090003410000001000000000076000000000000000000000000000000000000000000000000000000000000000000000000000000000000000000000000000000000         00000000000000000000000DANIEL AUGUSTO KRUG                                                   000006
10283566299000173866800252060        BOLETO TESTE             00000019            109000000194             I29071021000000001900000019            03082100000000090003410000001000000000076000000000000000000000000000000000000000000000000000000000000000000000000000000000000000000000000000000000         00000000000000000000000DANIEL AUGUSTO KRUG                                                   000007
10283566299000173866800252060        BOLETO TESTE             00000020            109000000202             I29071021000000002000000020            03082100000000090003410000001000000000076000000000000000000000000000000000000000000000000000000000000000000000000000000000000000000000000000000000         00000000000000000000000DANIEL AUGUSTO KRUG                                                   000008
10283566299000173866800252060        BOLETO TESTE             00000021            109000000210             I29071021000000002100000021            03082100000000090003410000001000000000076000000000000000000000000000000000000000000000000000000000000000000000000000000000000000000000000000000000         00000000000000000000000DANIEL AUGUSTO KRUG                                                   000009
9201341          000000000000000000000000000000          000000000000000000000000000000                                                  000000000000000000000000000000          0000014700000001197000  08/10S000700000000800000000076000                                                                                                                                                                000010
