02RETORNO01COBRANCA       866800252060        FEPESE                        341BANCO ITAU S.A.06102101600BPI00069071021                                                                                                                                                                                                                                                                                   000001
10283566299000173866800252060                                 00001717            109000017172             I02061021000000171700001717            13102100000000080003413766301000000000000000000000000000000000000000000000000000000000000000000000000000000000000000000000000000000000000000000000         00000000000000000000000RICARDO RUSCHEL                                                       000002
10283566299000173866800252060                                 00001718            109000017180             I02061021000000171800001718            13102100000000140003410289901000000000000000000000000000000000000000000000000000000000000000000000000000000000000000000000000000000000000000000000         00000000000000000000000SERGIO MURILO PETRI                                                   000003
10283566299000173866800252060                                 00001719            109000017198             I02061021000000171900001719            13102100000000040003410289901000000000000000000000000000000000000000000000000000000000000000000000000000000000000000000000000000000000000000000000         00000000000000000000000LUCIANO STEINBACH                                                     000004
10283566299000173866800252060                                 00001693            109000016935             I06051021000000169300001693            08102100000000080000013508901000000000017500000000000000000000000000000000000000000000000000000000000000000000000000782500000000000000000000000000   07102100000000000000000000000ELOIZA ANDRESA BROSKO                                               B6000005
10283566299000173866800252060                                 00001694            109000016943             I06051021000000169400001694            08102100000000080007481533901000000000017500000000000000000000000000000000000000000000000000000000000000000000000000782500000000000000000000000000   07102100000000000000000000000VAINE MARIA FOLLE MATTIELLO                                         B3000006
9201341          000000000000000000000000000000          000000000000000000000000000000                                                  000000000000000000000000000000          0000014700000001191000  07/10S000690000000500000000042000                                                                                                                                                                000007
