02RETORNO01COBRANCA       866800252060        FEPESE                        341BANCO ITAU S.A.11102101600BPI00072131021                                                                                                                                                                                                                                                                                   000001
10283566299000173866800252060                                 00001724            109000017248             I02111021000000172400001724            16102100000000080003410294901000000000000000000000000000000000000000000000000000000000000000000000000000000000000000000000000000000000000000000000         00000000000000000000000MARISTELA MENNA COSTA DA ROZA                                         000002
10283566299000173866800252060                                 00001725            109000017255             I02111021000000172500001725            16102100000000080003410129701000000000000000000000000000000000000000000000000000000000000000000000000000000000000000000000000000000000000000000000         00000000000000000000000CAIO VINICIUS SANTOS SANTANA                                          000003
10283566299000173866800252060                                 00001714            109000017149             I06081021000000171400001714            11102100000000140000851057901000000000017500000000000000000000000000000000000000000000000000000000000000000000000001382500000000000000000000000000   13102100000000000000000000000AMANDA BEATRIZ NASATTO CORREA                                       B3000004
10283566299000173866800252060                                 00001717            109000017172             I06081021000000171700001717            13102100000000080000010842501000000000017500000000000000000000000000000000000000000000000000000000000000000000000000782500000000000000000000000000   13102100000000000000000000000RICARDO RUSCHEL                                                     B6000005
10283566299000173866800252060        BOLETO TESTE             00000032            109000000327             I29111021000000003200000032            05082100000000090003410000001000000000076000000000000000000000000000000000000000000000000000000000000000000000000000000000000000000000000000000000         00000000000000000000000DANIEL AUGUSTO KRUG                                                   000006
10283566299000173866800252060        BOLETO TESTE             00000033            109000000335             I29111021000000003300000033            05082100000000090003410000001000000000076000000000000000000000000000000000000000000000000000000000000000000000000000000000000000000000000000000000         00000000000000000000000DANIEL AUGUSTO KRUG                                                   000007
10283566299000173866800252060        BOLETO TESTE             00000034            109000000343             I29111021000000003400000034            05082100000000090003410000001000000000076000000000000000000000000000000000000000000000000000000000000000000000000000000000000000000000000000000000         00000000000000000000000DANIEL AUGUSTO KRUG                                                   000008
10283566299000173866800252060        BOLETO TESTE             00000035            109000000350             I29111021000000003500000035            05082100000000090003410000001000000000076000000000000000000000000000000000000000000000000000000000000000000000000000000000000000000000000000000000         00000000000000000000000DANIEL AUGUSTO KRUG                                                   000009
10283566299000173866800252060        BOLETO TESTE             00000036            109000000368             I29111021000000003600000036            05082100000000090003410000001000000000076000000000000000000000000000000000000000000000000000000000000000000000000000000000000000000000000000000000         00000000000000000000000DANIEL AUGUSTO KRUG                                                   000010
10283566299000173866800252060        BOLETO TESTE             00000037            109000000376             I29111021000000003700000037            05082100000000090003410000001000000000076000000000000000000000000000000000000000000000000000000000000000000000000000000000000000000000000000000000         00000000000000000000000DANIEL AUGUSTO KRUG                                                   000011
10283566299000173866800252060        BOLETO TESTE             00000038            109000000384             I29111021000000003800000038            05082100000000090003410000001000000000076000000000000000000000000000000000000000000000000000000000000000000000000000000000000000000000000000000000         00000000000000000000000DANIEL AUGUSTO KRUG                                                   000012
10283566299000173866800252060        BOLETO TESTE             00000039            109000000392             I29111021000000003900000039            05082100000000090003410000001000000000076000000000000000000000000000000000000000000000000000000000000000000000000000000000000000000000000000000000         00000000000000000000000DANIEL AUGUSTO KRUG                                                   000013
10283566299000173866800252060        BOLETO TESTE             00000040            109000000400             I29111021000000004000000040            05082100000000090003410000001000000000076000000000000000000000000000000000000000000000000000000000000000000000000000000000000000000000000000000000         00000000000000000000000DANIEL AUGUSTO KRUG                                                   000014
10283566299000173866800252060        BOLETO TESTE             00000041            109000000418             I29111021000000004100000041            05082100000000090003410000001000000000076000000000000000000000000000000000000000000000000000000000000000000000000000000000000000000000000000000000         00000000000000000000000DANIEL AUGUSTO KRUG                                                   000015
10283566299000173866800252060        BOLETO TESTE             00000042            109000000426             I29111021000000004200000042            05082100000000090003410000001000000000076000000000000000000000000000000000000000000000000000000000000000000000000000000000000000000000000000000000         00000000000000000000000DANIEL AUGUSTO KRUG                                                   000016
10283566299000173866800252060        BOLETO TESTE             00000043            109000000434             I29111021000000004300000043            05082100000000090003410000001000000000076000000000000000000000000000000000000000000000000000000000000000000000000000000000000000000000000000000000         00000000000000000000000DANIEL AUGUSTO KRUG                                                   000017
10283566299000173866800252060        BOLETO TESTE             00000044            109000000442             I29111021000000004400000044            05082100000000090003410000001000000000076000000000000000000000000000000000000000000000000000000000000000000000000000000000000000000000000000000000         00000000000000000000000DANIEL AUGUSTO KRUG                                                   000018
10283566299000173866800252060        BOLETO TESTE             00000045            109000000459             I29111021000000004500000045            05082100000000090003410000001000000000076000000000000000000000000000000000000000000000000000000000000000000000000000000000000000000000000000000000         00000000000000000000000DANIEL AUGUSTO KRUG                                                   000019
10283566299000173866800252060        BOLETO TESTE             00000046            109000000467             I29111021000000004600000046            05082100000000090003410000001000000000076000000000000000000000000000000000000000000000000000000000000000000000000000000000000000000000000000000000         00000000000000000000000DANIEL AUGUSTO KRUG                                                   000020
10283566299000173866800252060        BOLETO TESTE             00000047            109000000475             I29111021000000004700000047            05082100000000090003410000001000000000076000000000000000000000000000000000000000000000000000000000000000000000000000000000000000000000000000000000         00000000000000000000000DANIEL AUGUSTO KRUG                                                   000021
10283566299000173866800252060        BOLETO TESTE             00000048            109000000483             I29111021000000004800000048            05082100000000090003410000001000000000076000000000000000000000000000000000000000000000000000000000000000000000000000000000000000000000000000000000         00000000000000000000000DANIEL AUGUSTO KRUG                                                   000022
10283566299000173866800252060        BOLETO TESTE             00000049            109000000491             I29111021000000004900000049            05082100000000090003410000001000000000076000000000000000000000000000000000000000000000000000000000000000000000000000000000000000000000000000000000         00000000000000000000000DANIEL AUGUSTO KRUG                                                   000023
10283566299000173866800252060        BOLETO TESTE             00000050            109000000509             I29111021000000005000000050            05082100000000090003410000001000000000076000000000000000000000000000000000000000000000000000000000000000000000000000000000000000000000000000000000         00000000000000000000000DANIEL AUGUSTO KRUG                                                   000024
10283566299000173866800252060        BOLETO TESTE             00000051            109000000517             I29111021000000005100000051            05082100000000090003410000001000000000076000000000000000000000000000000000000000000000000000000000000000000000000000000000000000000000000000000000         00000000000000000000000DANIEL AUGUSTO KRUG                                                   000025
10283566299000173866800252060        BOLETO TESTE             00000052            109000000525             I29111021000000005200000052            05082100000000090003410000001000000000076000000000000000000000000000000000000000000000000000000000000000000000000000000000000000000000000000000000         00000000000000000000000DANIEL AUGUSTO KRUG                                                   000026
10283566299000173866800252060        BOLETO TESTE             00000053            109000000533             I29111021000000005300000053            05082100000000090003410000001000000000076000000000000000000000000000000000000000000000000000000000000000000000000000000000000000000000000000000000         00000000000000000000000DANIEL AUGUSTO KRUG                                                   000027
10283566299000173866800252060        BOLETO TESTE             00000054            109000000541             I29111021000000005400000054            05082100000000090003410000001000000000076000000000000000000000000000000000000000000000000000000000000000000000000000000000000000000000000000000000         00000000000000000000000DANIEL AUGUSTO KRUG                                                   000028
10283566299000173866800252060        BOLETO TESTE             00000055            109000000558             I29111021000000005500000055            05082100000000090003410000001000000000076000000000000000000000000000000000000000000000000000000000000000000000000000000000000000000000000000000000         00000000000000000000000DANIEL AUGUSTO KRUG                                                   000029
10283566299000173866800252060        BOLETO TESTE             00000056            109000000566             I29111021000000005600000056            05082100000000090003410000001000000000076000000000000000000000000000000000000000000000000000000000000000000000000000000000000000000000000000000000         00000000000000000000000DANIEL AUGUSTO KRUG                                                   000030
10283566299000173866800252060        BOLETO TESTE             00000057            109000000574             I29111021000000005700000057            05082100000000090003410000001000000000076000000000000000000000000000000000000000000000000000000000000000000000000000000000000000000000000000000000         00000000000000000000000DANIEL AUGUSTO KRUG                                                   000031
10283566299000173866800252060        BOLETO TESTE             00000058            109000000582             I29111021000000005800000058            05082100000000090003410000001000000000076000000000000000000000000000000000000000000000000000000000000000000000000000000000000000000000000000000000         00000000000000000000000DANIEL AUGUSTO KRUG                                                   000032
10283566299000173866800252060        BOLETO TESTE             00000059            109000000590             I29111021000000005900000059            05082100000000090003410000001000000000076000000000000000000000000000000000000000000000000000000000000000000000000000000000000000000000000000000000         00000000000000000000000DANIEL AUGUSTO KRUG                                                   000033
10283566299000173866800252060        BOLETO TESTE             00000060            109000000608             I29111021000000006000000060            05082100000000090003410000001000000000076000000000000000000000000000000000000000000000000000000000000000000000000000000000000000000000000000000000         00000000000000000000000DANIEL AUGUSTO KRUG                                                   000034
10283566299000173866800252060        BOLETO TESTE             00000061            109000000616             I29111021000000006100000061            05082100000000090003410000001000000000076000000000000000000000000000000000000000000000000000000000000000000000000000000000000000000000000000000000         00000000000000000000000DANIEL AUGUSTO KRUG                                                   000035
10283566299000173866800252060        BOLETO TESTE             00000062            109000000624             I29111021000000006200000062            05082100000000090003410000001000000000076000000000000000000000000000000000000000000000000000000000000000000000000000000000000000000000000000000000         00000000000000000000000DANIEL AUGUSTO KRUG                                                   000036
10283566299000173866800252060        BOLETO TESTE             00000063            109000000632             I29111021000000006300000063            05082100000000090003410000001000000000076000000000000000000000000000000000000000000000000000000000000000000000000000000000000000000000000000000000         00000000000000000000000DANIEL AUGUSTO KRUG                                                   000037
10283566299000173866800252060        BOLETO TESTE             00000064            109000000640             I29111021000000006400000064            05082100000000090003410000001000000000076000000000000000000000000000000000000000000000000000000000000000000000000000000000000000000000000000000000         00000000000000000000000DANIEL AUGUSTO KRUG                                                   000038
10283566299000173866800252060        BOLETO TESTE             00000065            109000000657             I29111021000000006500000065            05082100000000090003410000001000000000076000000000000000000000000000000000000000000000000000000000000000000000000000000000000000000000000000000000         00000000000000000000000DANIEL AUGUSTO KRUG                                                   000039
10283566299000173866800252060        BOLETO TESTE             00000066            109000000665             I29111021000000006600000066            06082100000000090003410000001000000000076000000000000000000000000000000000000000000000000000000000000000000000000000000000000000000000000000000000         00000000000000000000000DANIEL AUGUSTO KRUG                                                   000040
10283566299000173866800252060        BOLETO TESTE             00000067            109000000673             I29111021000000006700000067            06082100000000090003410000001000000000076000000000000000000000000000000000000000000000000000000000000000000000000000000000000000000000000000000000         00000000000000000000000DANIEL AUGUSTO KRUG                                                   000041
10283566299000173866800252060        BOLETO TESTE             00000068            109000000681             I29111021000000006800000068            06082100000000090003410000001000000000076000000000000000000000000000000000000000000000000000000000000000000000000000000000000000000000000000000000         00000000000000000000000DANIEL AUGUSTO KRUG                                                   000042
10283566299000173866800252060        BOLETO TESTE             00000069            109000000699             I29111021000000006900000069            06082100000000090003410000001000000000076000000000000000000000000000000000000000000000000000000000000000000000000000000000000000000000000000000000         00000000000000000000000DANIEL AUGUSTO KRUG                                                   000043
10283566299000173866800252060        BOLETO TESTE             00000070            109000000707             I29111021000000007000000070            06082100000000090003410000001000000000076000000000000000000000000000000000000000000000000000000000000000000000000000000000000000000000000000000000         00000000000000000000000DANIEL AUGUSTO KRUG                                                   000044
10283566299000173866800252060        BOLETO TESTE             00000071            109000000715             I29111021000000007100000071            06082100000000090003410000001000000000076000000000000000000000000000000000000000000000000000000000000000000000000000000000000000000000000000000000         00000000000000000000000DANIEL AUGUSTO KRUG                                                   000045
10283566299000173866800252060        BOLETO TESTE             00000072            109000000723             I29111021000000007200000072            06082100000000090003410000001000000000076000000000000000000000000000000000000000000000000000000000000000000000000000000000000000000000000000000000         00000000000000000000000DANIEL AUGUSTO KRUG                                                   000046
10283566299000173866800252060        BOLETO TESTE             00000073            109000000731             I29111021000000007300000073            06082100000000090003410000001000000000076000000000000000000000000000000000000000000000000000000000000000000000000000000000000000000000000000000000         00000000000000000000000DANIEL AUGUSTO KRUG                                                   000047
10283566299000173866800252060        BOLETO TESTE             00000074            109000000749             I29111021000000007400000074            06082100000000090003410000001000000000076000000000000000000000000000000000000000000000000000000000000000000000000000000000000000000000000000000000         00000000000000000000000DANIEL AUGUSTO KRUG                                                   000048
10283566299000173866800252060        BOLETO TESTE             00000075            109000000756             I29111021000000007500000075            06082100000000090003410000001000000000076000000000000000000000000000000000000000000000000000000000000000000000000000000000000000000000000000000000         00000000000000000000000DANIEL AUGUSTO KRUG                                                   000049
10283566299000173866800252060        BOLETO TESTE             00000076            109000000764             I29111021000000007600000076            06082100000000090003410000001000000000076000000000000000000000000000000000000000000000000000000000000000000000000000000000000000000000000000000000         00000000000000000000000DANIEL AUGUSTO KRUG                                                   000050
10283566299000173866800252060        BOLETO TESTE             00000077            109000000772             I29111021000000007700000077            06082100000000090003410000001000000000076000000000000000000000000000000000000000000000000000000000000000000000000000000000000000000000000000000000         00000000000000000000000DANIEL AUGUSTO KRUG                                                   000051
10283566299000173866800252060        BOLETO TESTE             00000078            109000000780             I29111021000000007800000078            06082100000000090003410000001000000000076000000000000000000000000000000000000000000000000000000000000000000000000000000000000000000000000000000000         00000000000000000000000DANIEL AUGUSTO KRUG                                                   000052
10283566299000173866800252060        BOLETO TESTE             00000079            109000000798             I29111021000000007900000079            06082100000000090003410000001000000000076000000000000000000000000000000000000000000000000000000000000000000000000000000000000000000000000000000000         00000000000000000000000DANIEL AUGUSTO KRUG                                                   000053
10283566299000173866800252060        BOLETO TESTE             00000080            109000000806             I29111021000000008000000080            06082100000000090003410000001000000000076000000000000000000000000000000000000000000000000000000000000000000000000000000000000000000000000000000000         00000000000000000000000DANIEL AUGUSTO KRUG                                                   000054
10283566299000173866800252060        BOLETO TESTE             00000088            109000000889             I29111021000000008800000088            06082100000000090003410000001000000000076000000000000000000000000000000000000000000000000000000000000000000000000000000000000000000000000000000000         00000000000000000000000DANIEL AUGUSTO KRUG                                                   000055
10283566299000173866800252060        BOLETO TESTE             00000089            109000000897             I29111021000000008900000089            07082100000000090003410000001000000000076000000000000000000000000000000000000000000000000000000000000000000000000000000000000000000000000000000000         00000000000000000000000ECHO                                                                  000056
10283566299000173866800252060        BOLETO TESTE             00000090            109000000905             I29111021000000009000000090            07082100000000100003410000001000000000076000000000000000000000000000000000000000000000000000000000000000000000000000000000000000000000000000000000         00000000000000000000000DANIEL AUGUSTO KRUG                                                   000057
10283566299000173866800252060        BOLETO TESTE             00000091            109000000913             I29111021000000009100000091            07082100000000100003410000001000000000076000000000000000000000000000000000000000000000000000000000000000000000000000000000000000000000000000000000         00000000000000000000000DANIEL AUGUSTO KRUG                                                   000058
10283566299000173866800252060        BOLETO TESTE             00000092            109000000921             I29111021000000009200000092            07082100000000100003410000001000000000076000000000000000000000000000000000000000000000000000000000000000000000000000000000000000000000000000000000         00000000000000000000000DANIEL AUGUSTO KRUG                                                   000059
10283566299000173866800252060        BOLETO TESTE             00000093            109000000939             I29111021000000009300000093            07082100000000100003410000001000000000076000000000000000000000000000000000000000000000000000000000000000000000000000000000000000000000000000000000         00000000000000000000000DANIEL AUGUSTO KRUG                                                   000060
9201341          000000000000000000000000000000          000000000000000000000000000000                                                  000000000000000000000000000000          0000014900000001203000  13/10S000720000005900000000537000                                                                                                                                                                000061
