02RETORNO01COBRANCA       866800252060        FEPESE                        341BANCO ITAU S.A.29102101600BPI00085011121                                                                                                                                                                                                                                                                                   000001
10283566299000173866800252060                                 00006191            109000061915             I02291021000000619100006191            03112100000000090003410582701000000000000000000000000000000000000000000000000000000000000000000000000000000000000000000000000000000000000000000000         00000000000000000000000DOUGLAS AGUILAR BARBOSA                                               000002
10283566299000173866800252060                                 00006192            109000061923             I02291021000000619200006192            03112100000000140003410244401000000000000000000000000000000000000000000000000000000000000000000000000000000000000000000000000000000000000000000000         00000000000000000000000CLESTON ALEXANDRE DOS SANTOS                                          000003
10283566299000173866800252060                                 00006193            109000061931             I02291021000000619300006193            03112100000000120003416243001000000000000000000000000000000000000000000000000000000000000000000000000000000000000000000000000000000000000000000000         00000000000000000000000JULIANE PACHECO                                                       000004
10283566299000173866800252060                                 00006194            109000061949             I02291021000000619400006194            03112100000000120003410289901000000000000000000000000000000000000000000000000000000000000000000000000000000000000000000000000000000000000000000000         00000000000000000000000VITOR GOEDERT MENDES                                                  000005
10283566299000173866800252060                                 00006195            109000061956             I02291021000000619500006195            03112100000000120003414684701000000000000000000000000000000000000000000000000000000000000000000000000000000000000000000000000000000000000000000000         00000000000000000000000ALINIE ROCHA MENDES                                                   000006
10283566299000173866800252060                                 00006196            109000061964             I02291021000000619600006196            03112100000000120003410022401000000000000000000000000000000000000000000000000000000000000000000000000000000000000000000000000000000000000000000000         00000000000000000000000ALEXANDRE DINIZ JUNQUEIRA                                             000007
10283566299000173866800252060                                 00006197            109000061972             I02291021000000619700006197            03112100000000120003413857001000000000000000000000000000000000000000000000000000000000000000000000000000000000000000000000000000000000000000000000         00000000000000000000000GEOVANA APARECIDA PIRES CHAGAS                                        000008
10283566299000173866800252060                                 00001852            109000018527             I06281021000000185200001852            26102100000000040003415650701000000000017500000000000000000000000000000000000000000000000000000000000000000000000000382500000000000000000000000000   01112100000000000000000000000PAOLA CRISTINA DE LIMA PROCOPI                                      BL000009
10283566299000173866800252060                                 00006182            109000061824             I06281021000000618200006182            01112100000000090001041877001000000000017500000000000000000000000000000000000000000000000000000000000000000000000000882500000000000000000000000000   01112100000000000000000000000RAFAEL BONATELLI PRATES                                             B5000010
9201341          000000000000000000000000000000          000000000000000000000000000000                                                  000000000000000000000000000000          0000036700000004917386  01/11S000850000000900000000096000                                                                                                                                                                000011
