02RETORNO01COBRANCA       866800252060        FEPESE                        341BANCO ITAU S.A.22102101600BPI00080251021                                                                                                                                                                                                                                                                                   000001
10283566299000173866800252060        BOLETO TESTE FEPESE      00000083            109000000830             I02221021000000008300000083            22102100000000223543411236901000000000000000000000000000000000000000000000000000000000000000000000000000000000000000000000000000000000000000000000         00000000000000000000000DANIEL AUGUSTO KRUG                                                   000002
10283566299000173866800252060        BOLETO TESTE FEPESE      00000084            109000000848             I02221021000000008400000084            22102100000000223543411236901000000000000000000000000000000000000000000000000000000000000000000000000000000000000000000000000000000000000000000000         00000000000000000000000DANIEL AUGUSTO KRUG                                                   000003
10283566299000173866800252060        BOLETO TESTE FEPESE      00000105            109000001051             I02221021000000010500000105            22102100000000223543411236901000000000000000000000000000000000000000000000000000000000000000000000000000000000000000000000000000000000000000000000         00000000000000000000000DANIEL AUGUSTO KRUG                                                   000004
10283566299000173866800252060        BOLETO TESTE FEPESE      00000145            109000001457             I02221021000000014500000145            22102100000000223543411236901000000000000000000000000000000000000000000000000000000000000000000000000000000000000000000000000000000000000000000000         00000000000000000000000DANIEL AUGUSTO KRUG                                                   000005
10283566299000173866800252060        BOLETO TESTE FEPESE      00000146            109000001465             I02221021000000014600000146            22102100000000223543411236901000000000000000000000000000000000000000000000000000000000000000000000000000000000000000000000000000000000000000000000         00000000000000000000000DANIEL AUGUSTO KRUG                                                   000006
10283566299000173866800252060        BOLETO TESTE FEPESE      00000147            109000001473             I02221021000000014700000147            22102100000000223543411236901000000000000000000000000000000000000000000000000000000000000000000000000000000000000000000000000000000000000000000000         00000000000000000000000DANIEL AUGUSTO KRUG                                                   000007
10283566299000173866800252060        BOLETO TESTE FEPESE      00000148            109000001481             I02221021000000014800000148            22102100000000223543411236901000000000000000000000000000000000000000000000000000000000000000000000000000000000000000000000000000000000000000000000         00000000000000000000000DANIEL AUGUSTO KRUG                                                   000008
10283566299000173866800252060        BOLETO TESTE FEPESE      00000149            109000001499             I02221021000000014900000149            22102100000000223543411236901000000000000000000000000000000000000000000000000000000000000000000000000000000000000000000000000000000000000000000000         00000000000000000000000DANIEL AUGUSTO KRUG                                                   000009
10283566299000173866800252060        BOLETO TESTE FEPESE      00000150            109000001507             I02221021000000015000000150            22102100000000223543411236901000000000000000000000000000000000000000000000000000000000000000000000000000000000000000000000000000000000000000000000         00000000000000000000000DANIEL AUGUSTO KRUG                                                   000010
10283566299000173866800252060                                 00003357            109000033575             I02221021000000335700003357            27102100000000080003414020401000000000000000000000000000000000000000000000000000000000000000000000000000000000000000000000000000000000000000000000         00000000000000000000000TIAGO WOHLEMBERG                                                      000011
10283566299000173866800252060                                 00003358            109000033583             I02221021000000335800003358            27102100000000080003410289901000000000000000000000000000000000000000000000000000000000000000000000000000000000000000000000000000000000000000000000         00000000000000000000000JESSICA MARA SOUZA RODRIGUES                                          000012
10283566299000173866800252060                                 00003359            109000033591             I02221021000000335900003359            27102100000000080003410345901000000000000000000000000000000000000000000000000000000000000000000000000000000000000000000000000000000000000000000000         00000000000000000000000DEBORA DESCONSI SUTERO                                                000013
10283566299000173866800252060                                 00003360            109000033609             I02221021000000336000003360            27102100000000080003410040601000000000000000000000000000000000000000000000000000000000000000000000000000000000000000000000000000000000000000000000         00000000000000000000000DANIELLE OLIVEIRA DE MELO PEIX                                        000014
10283566299000173866800252060                                 00003361            109000033617             I02221021000000336100003361            27102100000000080003411643601000000000000000000000000000000000000000000000000000000000000000000000000000000000000000000000000000000000000000000000         00000000000000000000000DENIA PATRICIA SOARES                                                 000015
10283566299000173866800252060                                 00003362            109000033625             I02221021000000336200003362            27102100000000040003410289901000000000000000000000000000000000000000000000000000000000000000000000000000000000000000000000000000000000000000000000         00000000000000000000000THAINARA PEREIRA DOS SANTOS                                           000016
10283566299000173866800252060                                 00003390            109000033906             I02221021000000339000003390            27102100000000080003414683901000000000000000000000000000000000000000000000000000000000000000000000000000000000000000000000000000000000000000000000         00000000000000000000000CLEIDINARA RIBEIRO DIAS                                               000017
10283566299000173866800252060                                 00004105            109000041057             I02221021000000410500004105            27102100000000080003410070301000000000000000000000000000000000000000000000000000000000000000000000000000000000000000000000000000000000000000000000         00000000000000000000000MARCUS VINICIUS RODRIGUES DE S                                        000018
10283566299000173866800252060                                 00004106            109000041065             I02221021000000410600004106            27102100000000080003410701301000000000000000000000000000000000000000000000000000000000000000000000000000000000000000000000000000000000000000000000         00000000000000000000000MARIA CRISTINA MARTINS CEZAR                                          000019
10283566299000173866800252060                                 00004107            109000041073             I02221021000000410700004107            27102100000000080003410361601000000000000000000000000000000000000000000000000000000000000000000000000000000000000000000000000000000000000000000000         00000000000000000000000PRISCILA CRISTINE PACHECO FERR                                        000020
10283566299000173866800252060                                 00004108            109000041081             I02221021000000410800004108            27102100000000120003410289901000000000000000000000000000000000000000000000000000000000000000000000000000000000000000000000000000000000000000000000         00000000000000000000000EDILSON PAULO                                                         000021
10283566299000173866800252060                                 00004109            109000041099             I02221021000000410900004109            27102100000000080003410374901000000000000000000000000000000000000000000000000000000000000000000000000000000000000000000000000000000000000000000000         00000000000000000000000ELENILDO SANTOS BEZERRA                                               000022
10283566299000173866800252060                                 00004110            109000041107             I02221021000000411000004110            27102100000000080003410548801000000000000000000000000000000000000000000000000000000000000000000000000000000000000000000000000000000000000000000000         00000000000000000000000LUCIANE DAGOSTINI                                                     000023
10283566299000173866800252060                                 00004111            109000041115             I02221021000000411100004111            27102100000000040003410109901000000000000000000000000000000000000000000000000000000000000000000000000000000000000000000000000000000000000000000000         00000000000000000000000ADRIELI CRISTINA DE SOUZA SILV                                        000024
10283566299000173866800252060                                 00004112            109000041123             I02221021000000411200004112            27102100000000120003417293401000000000000000000000000000000000000000000000000000000000000000000000000000000000000000000000000000000000000000000000         00000000000000000000000ANDRESSA MICHELS                                                      000025
10283566299000173866800252060                                 00004113            109000041131             I02221021000000411300004113            27102100000000080003412897701000000000000000000000000000000000000000000000000000000000000000000000000000000000000000000000000000000000000000000000         00000000000000000000000ANDREIA VERGINELI TRICARICO                                           000026
10283566299000173866800252060                                 00004114            109000041149             I02221021000000411400004114            27102100000000080003410361601000000000000000000000000000000000000000000000000000000000000000000000000000000000000000000000000000000000000000000000         00000000000000000000000PAULO HENRIQUE LEITE VALENCA                                          000027
10283566299000173866800252060                                 00004115            109000041156             I02221021000000411500004115            27102100000000080003414684701000000000000000000000000000000000000000000000000000000000000000000000000000000000000000000000000000000000000000000000         00000000000000000000000ALINE ROBERTA HALIK                                                   000028
10283566299000173866800252060                                 00004116            109000041164             I02221021000000411600004116            27102100000000040003410297201000000000000000000000000000000000000000000000000000000000000000000000000000000000000000000000000000000000000000000000         00000000000000000000000EDNILSON MITCHELL DOS SANTOS C                                        000029
10283566299000173866800252060                                 00004117            109000041172             I02221021000000411700004117            27102100000000120003410802901000000000000000000000000000000000000000000000000000000000000000000000000000000000000000000000000000000000000000000000         00000000000000000000000VICENTE ALVES TOLEDO                                                  000030
10283566299000173866800252060                                 00004118            109000041180             I02221021000000411800004118            27102100000000080003413059301000000000000000000000000000000000000000000000000000000000000000000000000000000000000000000000000000000000000000000000         00000000000000000000000RAQUEL ARAUJO OLIVEIRA                                                000031
10283566299000173866800252060                                 00004119            109000041198             I02221021000000411900004119            27102100000000080003410144601000000000000000000000000000000000000000000000000000000000000000000000000000000000000000000000000000000000000000000000         00000000000000000000000PEDRO MARTINS FERREIRA ARANTES                                        000032
10283566299000173866800252060                                 00004120            109000041206             I02221021000000412000004120            27102100000000080003411403501000000000000000000000000000000000000000000000000000000000000000000000000000000000000000000000000000000000000000000000         00000000000000000000000VANDERSON RIBEIRO GONCALVES                                           000033
10283566299000173866800252060                                 00004121            109000041214             I02221021000000412100004121            27102100000000120003411360701000000000000000000000000000000000000000000000000000000000000000000000000000000000000000000000000000000000000000000000         00000000000000000000000CLEITON FRANCO                                                        000034
10283566299000173866800252060                                 00004122            109000041222             I02221021000000412200004122            27102100000000080003412861301000000000000000000000000000000000000000000000000000000000000000000000000000000000000000000000000000000000000000000000         00000000000000000000000LUCAS MOLINA LIOI                                                     000035
10283566299000173866800252060                                 00004123            109000041230             I02221021000000412300004123            27102100000000080003410316001000000000000000000000000000000000000000000000000000000000000000000000000000000000000000000000000000000000000000000000         00000000000000000000000CLEITON LUIZ KLOCHINSKI                                               000036
10283566299000173866800252060                                 00004124            109000041248             I02221021000000412400004124            27102100000000080003413771301000000000000000000000000000000000000000000000000000000000000000000000000000000000000000000000000000000000000000000000         00000000000000000000000ELEAZER FELIPE DO PRADO                                               000037
10283566299000173866800252060                                 00004125            109000041255             I02221021000000412500004125            27102100000000080003411570101000000000000000000000000000000000000000000000000000000000000000000000000000000000000000000000000000000000000000000000         00000000000000000000000FABIOLA TIBURCIO MACHADO                                              000038
10283566299000173866800252060                                 00004126            109000041263             I02221021000000412600004126            27102100000000120003410802901000000000000000000000000000000000000000000000000000000000000000000000000000000000000000000000000000000000000000000000         00000000000000000000000PAULO ROBERTO RODRIGUES DE SOU                                        000039
10283566299000173866800252060                                 00004127            109000041271             I02221021000000412700004127            27102100000000120003410659301000000000000000000000000000000000000000000000000000000000000000000000000000000000000000000000000000000000000000000000         00000000000000000000000ADRIANA MARIA PROCOPIO DE ARAU                                        000040
10283566299000173866800252060                                 00004128            109000041289             I02221021000000412800004128            27102100000000120003411403501000000000000000000000000000000000000000000000000000000000000000000000000000000000000000000000000000000000000000000000         00000000000000000000000JOSMARIA LIMA RIBEIRO DE OLIVE                                        000041
10283566299000173866800252060                                 00004129            109000041297             I02221021000000412900004129            27102100000000040003410667601000000000000000000000000000000000000000000000000000000000000000000000000000000000000000000000000000000000000000000000         00000000000000000000000YANE N                                                                000042
10283566299000173866800252060                                 00004130            109000041305             I02221021000000413000004130            27102100000000120003410289901000000000000000000000000000000000000000000000000000000000000000000000000000000000000000000000000000000000000000000000         00000000000000000000000MAIRA MELO DE SOUZA                                                   000043
10283566299000173866800252060                                 00004131            109000041313             I02221021000000413100004131            27102100000000040003410109901000000000000000000000000000000000000000000000000000000000000000000000000000000000000000000000000000000000000000000000         00000000000000000000000SAMUEL DA SILVA MACHADO                                               000044
10283566299000173866800252060                                 00001739            109000017396             I06211021000000173900001739            24102100000000040000010359001000000000017500000000000000000000000000000000000000000000000000000000000000000000000000382500000000000000000000000000   25102100000000000000000000000BARBARA VIEIRA CHILEZE                                              B6000045
10283566299000173866800252060                                 00001748            109000017487             I06211021000000174800001748            25102100000000080007482742501000000000017500000000000000000000000000000000000000000000000000000000000000000000000000782500000000000000000000000000   25102100000000000000000000000ALINE ARAUJO FERNANDES                                              B3000046
10283566299000173866800252060                                 00001753            109000017537             I06211021000000175300001753            25102100000000080001044722501000000000017500000000000000000000000000000000000000000000000000000000000000000000000000782500000000000000000000000000   25102100000000000000000000000LIZANA ILHA DA SILVA                                                B3000047
10283566299000173866800252060                                 00001755            109000017552             I06211021000000175500001755            25102100000000040002600001801000000000017500000000000000000000000000000000000000000000000000000000000000000000000000382500000000000000000000000000   25102100000000000000000000000GIOVANNA FLAUZINO SILVA                                             B3000048
10283566299000173866800252060                                 00001758            109000017586             I06211021000000175800001758            25102100000000080001041445601000000000017500000000000000000000000000000000000000000000000000000000000000000000000000782500000000000000000000000000   25102100000000000000000000000NELINHO DE JESUS VIEIRA                                             B5000049
10283566299000173866800252060                                 00001766            109000017669             I06211021000000176600001766            25102100000000080000333295301000000000017500000000000000000000000000000000000000000000000000000000000000000000000000782500000000000000000000000000   25102100000000000000000000000THIAGO ANTONIO CAVALCANTI BIZI                                      B3000050
10283566299000173866800252060                                 00001789            109000017891             I06211021000000178900001789            25102100000000080003410090101000000000017500000000000000000000000000000000000000000000000000000000000000000000000000782500000000000000000000000000   25102100000000000000000000000RENATO CRUZ MENDES                                                  BL000051
10283566299000173866800252060                                 00001792            109000017925             I06211021000000179200001792            25102100000000040002600001801000000000017500000000000000000000000000000000000000000000000000000000000000000000000000382500000000000000000000000000   25102100000000000000000000000BARBARA CARVALHO BORGES                                             B3000052
10283566299000173866800252060                                 00001793            109000017933             I06211021000000179300001793            25102100000000040000330155201000000000017500000000000000000000000000000000000000000000000000000000000000000000000000382500000000000000000000000000   25102100000000000000000000000NATALIA FARIAS ROCHA                                                B3000053
10283566299000173866800252060                                 00001800            109000018006             I06211021000000180000001800            25102100000000080003419371601000000000017500000000000000000000000000000000000000000000000000000000000000000000000000782500000000000000000000000000   25102100000000000000000000000ALESSANDRA DO NASCIMENTO RIGUE                                      BL000054
10283566299000173866800252060                                 00001811            109000018113             I06211021000000181100001811            25102100000000040000011453001000000000017500000000000000000000000000000000000000000000000000000000000000000000000000382500000000000000000000000000   25102100000000000000000000000MANOELA CAROLINA JOENCK FREIRE                                      B6000055
10283566299000173866800252060                                 00001812            109000018121             I06211021000000181200001812            25102100000000080000011779801000000000017500000000000000000000000000000000000000000000000000000000000000000000000000782500000000000000000000000000   25102100000000000000000000000SERGIANA ALVES DA SILVA                                             B6000056
10283566299000173866800252060                                 00001813            109000018139             I06211021000000181300001813            25102100000000080000010174301000000000017500000000000000000000000000000000000000000000000000000000000000000000000000782500000000000000000000000000   25102100000000000000000000000PRISCYLA DE MOURA LOPES FURTAD                                      B6000057
10283566299000173866800252060                                 00001821            109000018212             I06211021000000182100001821            25102100000000080003413870301000000000017500000000000000000000000000000000000000000000000000000000000000000000000000782500000000000000000000000000   25102100000000000000000000000RAPHAEL DA FONSECA                                                  Q0000058
10283566299000173866800252060                                 00001828            109000018287             I06211021000000182800001828            26102100000000080002600001801000000000017500000000000000000000000000000000000000000000000000000000000000000000000000782500000000000000000000000000   25102100000000000000000000000RENATO QUEIROZ DE PAULA                                             B3000059
10283566299000173866800252060                                 00001829            109000018295             I06211021000000182900001829            26102100000000080003413820801000000000017500000000000000000000000000000000000000000000000000000000000000000000000000782500000000000000000000000000   25102100000000000000000000000MARYLLI RAMOS ALVES                                                 BL000060
10283566299000173866800252060                                 00001831            109000018311             I06211021000000183100001831            26102100000000140000011619601000000000017500000000000000000000000000000000000000000000000000000000000000000000000001382500000000000000000000000000   25102100000000000000000000000ANTONIO ANDRE CUNHA CALLADO                                         B3000061
10283566299000173866800252060                                 00001834            109000018345             I06211021000000183400001834            26102100000000080000011453001000000000017500000000000000000000000000000000000000000000000000000000000000000000000000782500000000000000000000000000   25102100000000000000000000000AMANDA DA SILVA CAMARGO                                             B6000062
10283566299000173866800252060                                 00001836            109000018360             I06211021000000183600001836            26102100000000120000017076301000000000017500000000000000000000000000000000000000000000000000000000000000000000000001182500000000000000000000000000   25102100000000000000000000000CLAUDIO DE SOUZA MIRANDA                                            B3000063
10283566299000173866800252060                                 00001840            109000018402             I06211021000000184000001840            26102100000000040002600001801000000000017500000000000000000000000000000000000000000000000000000000000000000000000000382500000000000000000000000000   25102100000000000000000000000GABRIEL RODRIGUES DA SILVA                                          B3000064
10283566299000173866800252060                                 00001843            109000018436             I06211021000000184300001843            26102100000000080002600001801000000000017500000000000000000000000000000000000000000000000000000000000000000000000000782500000000000000000000000000   25102100000000000000000000000LAVOISIENE RODRIGUES DE LIMA                                        B3000065
10283566299000173866800252060                                 00001844            109000018444             I06211021000000184400001844            26102100000000040001041592501000000000017500000000000000000000000000000000000000000000000000000000000000000000000000382500000000000000000000000000   25102100000000000000000000000ANA ELIZE RIBEIRO D AVILA                                           B3000066
10283566299000173866800252060                                 00001845            109000018451             I06211021000000184500001845            26102100000000080002600001801000000000017500000000000000000000000000000000000000000000000000000000000000000000000000782500000000000000000000000000   25102100000000000000000000000CAIO AUGUSTO FRANCO LUCAS                                           B3000067
10283566299000173866800252060                                 00001846            109000018469             I06211021000000184600001846            26102100000000040000770001801000000000017500000000000000000000000000000000000000000000000000000000000000000000000000382500000000000000000000000000   25102100000000000000000000000VANESSA CORAL                                                       B3000068
10283566299000173866800252060                                 00001849            109000018493             I06211021000000184900001849            26102100000000040003413835601000000000017500000000000000000000000000000000000000000000000000000000000000000000000000382500000000000000000000000000   25102100000000000000000000000DINARA DAS NEVES ANTUNES                                            BL000069
10283566299000173866800252060                                 00001851            109000018519             I06211021000000185100001851            26102100000000080003413795201000000000017500000000000000000000000000000000000000000000000000000000000000000000000000782500000000000000000000000000   25102100000000000000000000000PAULA PONTES DE CAMPOSRASERA                                        BL000070
10283566299000173866800252060                                 00001856            109000018568             I06211021000000185600001856            26102100000000080002600001801000000000017500000000000000000000000000000000000000000000000000000000000000000000000000782500000000000000000000000000   25102100000000000000000000000JULIANE ANDRESSA PAVAO                                              B3000071
10283566299000173866800252060                                 00001859            109000018592             I06211021000000185900001859            26102100000000080002600001801000000000017500000000000000000000000000000000000000000000000000000000000000000000000000782500000000000000000000000000   25102100000000000000000000000ALESSANDRA KUNZ                                                     B3000072
10283566299000173866800252060                                 00001860            109000018600             I06211021000000186000001860            26102100000000080003413180701000000000017500000000000000000000000000000000000000000000000000000000000000000000000000782500000000000000000000000000   25102100000000000000000000000LIDIANE GALVAO BESSA DA COSTA                                       BL000073
10283566299000173866800252060                                 00001864            109000018642             I06211021000000186400001864            26102100000000080000011453001000000000017500000000000000000000000000000000000000000000000000000000000000000000000000782500000000000000000000000000   25102100000000000000000000000BRENDA MORELLI PIAZZA                                               B6000074
9201341          000000000000000000000000000000          000000000000000000000000000000                                                  000000000000000000000000000000          0000031200000003246920  25/10S000800000007300000000699186                                                                                                                                                                000075
