02RETORNO01COBRANCA       866800252060        FEPESE                        341BANCO ITAU S.A.26102101600BPI00082271021                                                                                                                                                                                                                                                                                   000001
10283566299000173866800252060        BOLETO TESTE FEPESE      00000157            109000001572             I02261021000000015700000157            26102100000000223543411236901000000000000000000000000000000000000000000000000000000000000000000000000000000000000000000000000000000000000000000000         00000000000000000000000DANIEL AUGUSTO KRUG                                                   000002
10283566299000173866800252060        BOLETO TESTE FEPESE      00000158            109000001580             I02261021000000015800000158            26102100000000223543411236901000000000000000000000000000000000000000000000000000000000000000000000000000000000000000000000000000000000000000000000         00000000000000000000000DANIEL AUGUSTO KRUG                                                   000003
10283566299000173866800252060        BOLETO TESTE FEPESE      00000159            109000001598             I02261021000000015900000159            26102100000000223543411236901000000000000000000000000000000000000000000000000000000000000000000000000000000000000000000000000000000000000000000000         00000000000000000000000DANIEL AUGUSTO KRUG                                                   000004
10283566299000173866800252060        BOLETO TESTE FEPESE      00000160            109000001606             I02261021000000016000000160            26102100000000223543411236901000000000000000000000000000000000000000000000000000000000000000000000000000000000000000000000000000000000000000000000         00000000000000000000000DANIEL AUGUSTO KRUG                                                   000005
10283566299000173866800252060        BOLETO TESTE FEPESE      00000162            109000001622             I02261021000000016200000162            26102100000000223543411236901000000000000000000000000000000000000000000000000000000000000000000000000000000000000000000000000000000000000000000000         00000000000000000000000DANIEL AUGUSTO KRUG                                                   000006
10283566299000173866800252060        BOLETO TESTE FEPESE      00000164            109000001648             I02261021000000016400000164            26102100000000223543411236901000000000000000000000000000000000000000000000000000000000000000000000000000000000000000000000000000000000000000000000         00000000000000000000000DANIEL AUGUSTO KRUG                                                   000007
10283566299000173866800252060        BOLETO TESTE FEPESE      00000166            109000001663             I02261021000000016600000166            26102100000000223543411236901000000000000000000000000000000000000000000000000000000000000000000000000000000000000000000000000000000000000000000000         00000000000000000000000DANIEL AUGUSTO KRUG                                                   000008
10283566299000173866800252060        BOLETO TESTE FEPESE      00000167            109000001671             I02261021000000016700000167            26102100000000223543411236901000000000000000000000000000000000000000000000000000000000000000000000000000000000000000000000000000000000000000000000         00000000000000000000000DANIEL AUGUSTO KRUG                                                   000009
10283566299000173866800252060        BOLETO TESTE FEPESE      00000169            109000001697             I02261021000000016900000169            26102100000000223543411236901000000000000000000000000000000000000000000000000000000000000000000000000000000000000000000000000000000000000000000000         00000000000000000000000DANIEL AUGUSTO KRUG                                                   000010
10283566299000173866800252060        BOLETO TESTE FEPESE      00000170            109000001705             I02261021000000017000000170            26102100000000223543411236901000000000000000000000000000000000000000000000000000000000000000000000000000000000000000000000000000000000000000000000         00000000000000000000000DANIEL AUGUSTO KRUG                                                   000011
10283566299000173866800252060        BOLETO TESTE FEPESE      00000171            109000001713             I02261021000000017100000171            26102100000000223543411236901000000000000000000000000000000000000000000000000000000000000000000000000000000000000000000000000000000000000000000000         00000000000000000000000DANIEL AUGUSTO KRUG                                                   000012
10283566299000173866800252060        BOLETO TESTE FEPESE      00000172            109000001721             I02261021000000017200000172            26102100000000223543411236901000000000000000000000000000000000000000000000000000000000000000000000000000000000000000000000000000000000000000000000         00000000000000000000000DANIEL AUGUSTO KRUG                                                   000013
10283566299000173866800252060        BOLETO TESTE FEPESE      00000174            109000001747             I02261021000000017400000174            26102100000000223543411236901000000000000000000000000000000000000000000000000000000000000000000000000000000000000000000000000000000000000000000000         00000000000000000000000DANIEL AUGUSTO KRUG                                                   000014
10283566299000173866800252060        BOLETO TESTE FEPESE      00000176            109000001762             I02261021000000017600000176            26102100000000223543411236901000000000000000000000000000000000000000000000000000000000000000000000000000000000000000000000000000000000000000000000         00000000000000000000000DANIEL AUGUSTO KRUG                                                   000015
10283566299000173866800252060        BOLETO TESTE FEPESE      00000178            109000001788             I02261021000000017800000178            26102100000000223543411236901000000000000000000000000000000000000000000000000000000000000000000000000000000000000000000000000000000000000000000000         00000000000000000000000DANIEL AUGUSTO KRUG                                                   000016
10283566299000173866800252060        BOLETO TESTE FEPESE      00000182            109000001820             I02261021000000018200000182            26102100000000223543411236901000000000000000000000000000000000000000000000000000000000000000000000000000000000000000000000000000000000000000000000         00000000000000000000000DANIEL AUGUSTO KRUG                                                   000017
10283566299000173866800252060        BOLETO TESTE FEPESE      00000185            109000001853             I02261021000000018500000185            26102100000000223543411236901000000000000000000000000000000000000000000000000000000000000000000000000000000000000000000000000000000000000000000000         00000000000000000000000DANIEL AUGUSTO KRUG                                                   000018
10283566299000173866800252060        BOLETO TESTE FEPESE      00000186            109000001861             I02261021000000018600000186            26102100000000223543411236901000000000000000000000000000000000000000000000000000000000000000000000000000000000000000000000000000000000000000000000         00000000000000000000000DANIEL AUGUSTO KRUG                                                   000019
10283566299000173866800252060        BOLETO TESTE FEPESE      00000187            109000001879             I02261021000000018700000187            26102100000000223543411236901000000000000000000000000000000000000000000000000000000000000000000000000000000000000000000000000000000000000000000000         00000000000000000000000DANIEL AUGUSTO KRUG                                                   000020
10283566299000173866800252060        BOLETO TESTE FEPESE      00000189            109000001895             I02261021000000018900000189            26102100000000223543411236901000000000000000000000000000000000000000000000000000000000000000000000000000000000000000000000000000000000000000000000         00000000000000000000000DANIEL AUGUSTO KRUG                                                   000021
10283566299000173866800252060        BOLETO TESTE FEPESE      00000190            109000001903             I02261021000000019000000190            26102100000000223543411236901000000000000000000000000000000000000000000000000000000000000000000000000000000000000000000000000000000000000000000000         00000000000000000000000DANIEL AUGUSTO KRUG                                                   000022
10283566299000173866800252060        BOLETO TESTE FEPESE      00000191            109000001911             I02261021000000019100000191            26102100000000223543411236901000000000000000000000000000000000000000000000000000000000000000000000000000000000000000000000000000000000000000000000         00000000000000000000000DANIEL AUGUSTO KRUG                                                   000023
10283566299000173866800252060        BOLETO TESTE FEPESE      00000193            109000001937             I02261021000000019300000193            26102100000000223543411236901000000000000000000000000000000000000000000000000000000000000000000000000000000000000000000000000000000000000000000000         00000000000000000000000DANIEL AUGUSTO KRUG                                                   000024
10283566299000173866800252060        BOLETO TESTE FEPESE      00000196            109000001960             I02261021000000019600000196            26102100000000223543411236901000000000000000000000000000000000000000000000000000000000000000000000000000000000000000000000000000000000000000000000         00000000000000000000000DANIEL AUGUSTO KRUG                                                   000025
10283566299000173866800252060        BOLETO TESTE FEPESE      00000197            109000001978             I02261021000000019700000197            26102100000000223543411236901000000000000000000000000000000000000000000000000000000000000000000000000000000000000000000000000000000000000000000000         00000000000000000000000DANIEL AUGUSTO KRUG                                                   000026
10283566299000173866800252060        BOLETO TESTE FEPESE      00000200            109000002000             I02261021000000020000000200            26102100000000223543411236901000000000000000000000000000000000000000000000000000000000000000000000000000000000000000000000000000000000000000000000         00000000000000000000000DANIEL AUGUSTO KRUG                                                   000027
10283566299000173866800252060        BOLETO TESTE FEPESE      00000201            109000002018             I02261021000000020100000201            26102100000000223543411236901000000000000000000000000000000000000000000000000000000000000000000000000000000000000000000000000000000000000000000000         00000000000000000000000DANIEL AUGUSTO KRUG                                                   000028
10283566299000173866800252060        BOLETO TESTE FEPESE      00000202            109000002026             I02261021000000020200000202            26102100000000223543411236901000000000000000000000000000000000000000000000000000000000000000000000000000000000000000000000000000000000000000000000         00000000000000000000000DANIEL AUGUSTO KRUG                                                   000029
10283566299000173866800252060        BOLETO TESTE FEPESE      00000204            109000002042             I02261021000000020400000204            26102100000000223543411236901000000000000000000000000000000000000000000000000000000000000000000000000000000000000000000000000000000000000000000000         00000000000000000000000DANIEL AUGUSTO KRUG                                                   000030
10283566299000173866800252060        BOLETO TESTE FEPESE      00000205            109000002059             I02261021000000020500000205            26102100000000223543411236901000000000000000000000000000000000000000000000000000000000000000000000000000000000000000000000000000000000000000000000         00000000000000000000000DANIEL AUGUSTO KRUG                                                   000031
10283566299000173866800252060        BOLETO TESTE FEPESE      00000206            109000002067             I02261021000000020600000206            26102100000000223543411236901000000000000000000000000000000000000000000000000000000000000000000000000000000000000000000000000000000000000000000000         00000000000000000000000DANIEL AUGUSTO KRUG                                                   000032
10283566299000173866800252060        BOLETO TESTE FEPESE      00000207            109000002075             I02261021000000020700000207            26102100000000223543411236901000000000000000000000000000000000000000000000000000000000000000000000000000000000000000000000000000000000000000000000         00000000000000000000000DANIEL AUGUSTO KRUG                                                   000033
10283566299000173866800252060        BOLETO TESTE FEPESE      00000209            109000002091             I02261021000000020900000209            26102100000000223543411236901000000000000000000000000000000000000000000000000000000000000000000000000000000000000000000000000000000000000000000000         00000000000000000000000DANIEL AUGUSTO KRUG                                                   000034
10283566299000173866800252060        BOLETO TESTE FEPESE      00000215            109000002158             I02261021000000021500000215            26102100000000223543411236901000000000000000000000000000000000000000000000000000000000000000000000000000000000000000000000000000000000000000000000         00000000000000000000000DANIEL AUGUSTO KRUG                                                   000035
10283566299000173866800252060        BOLETO TESTE FEPESE      00000216            109000002166             I02261021000000021600000216            26102100000000223543411236901000000000000000000000000000000000000000000000000000000000000000000000000000000000000000000000000000000000000000000000         00000000000000000000000DANIEL AUGUSTO KRUG                                                   000036
10283566299000173866800252060        BOLETO TESTE FEPESE      00000217            109000002174             I02261021000000021700000217            26102100000000223543411236901000000000000000000000000000000000000000000000000000000000000000000000000000000000000000000000000000000000000000000000         00000000000000000000000DANIEL AUGUSTO KRUG                                                   000037
10283566299000173866800252060        BOLETO TESTE FEPESE      00000218            109000002182             I02261021000000021800000218            26102100000000223543411236901000000000000000000000000000000000000000000000000000000000000000000000000000000000000000000000000000000000000000000000         00000000000000000000000DANIEL AUGUSTO KRUG                                                   000038
10283566299000173866800252060        BOLETO TESTE FEPESE      00000219            109000002190             I02261021000000021900000219            26102100000000223543411236901000000000000000000000000000000000000000000000000000000000000000000000000000000000000000000000000000000000000000000000         00000000000000000000000DANIEL AUGUSTO KRUG                                                   000039
10283566299000173866800252060        BOLETO TESTE FEPESE      00000222            109000002224             I02261021000000022200000222            26102100000000223543411236901000000000000000000000000000000000000000000000000000000000000000000000000000000000000000000000000000000000000000000000         00000000000000000000000DANIEL AUGUSTO KRUG                                                   000040
10283566299000173866800252060        BOLETO TESTE FEPESE      00000223            109000002232             I02261021000000022300000223            26102100000000223543411236901000000000000000000000000000000000000000000000000000000000000000000000000000000000000000000000000000000000000000000000         00000000000000000000000DANIEL AUGUSTO KRUG                                                   000041
10283566299000173866800252060        BOLETO TESTE FEPESE      00000224            109000002240             I02261021000000022400000224            26102100000000223543411236901000000000000000000000000000000000000000000000000000000000000000000000000000000000000000000000000000000000000000000000         00000000000000000000000DANIEL AUGUSTO KRUG                                                   000042
10283566299000173866800252060        BOLETO TESTE FEPESE      00000230            109000002307             I02261021000000023000000230            26102100000000223543411236901000000000000000000000000000000000000000000000000000000000000000000000000000000000000000000000000000000000000000000000         00000000000000000000000DANIEL AUGUSTO KRUG                                                   000043
10283566299000173866800252060        BOLETO TESTE FEPESE      00000232            109000002323             I02261021000000023200000232            26102100000000223543411236901000000000000000000000000000000000000000000000000000000000000000000000000000000000000000000000000000000000000000000000         00000000000000000000000DANIEL AUGUSTO KRUG                                                   000044
10283566299000173866800252060        BOLETO TESTE FEPESE      00000233            109000002331             I02261021000000023300000233            26102100000000223543411236901000000000000000000000000000000000000000000000000000000000000000000000000000000000000000000000000000000000000000000000         00000000000000000000000DANIEL AUGUSTO KRUG                                                   000045
10283566299000173866800252060        BOLETO TESTE FEPESE      00000238            109000002380             I02261021000000023800000238            26102100000000223543411236901000000000000000000000000000000000000000000000000000000000000000000000000000000000000000000000000000000000000000000000         00000000000000000000000DANIEL AUGUSTO KRUG                                                   000046
10283566299000173866800252060        BOLETO TESTE FEPESE      00000245            109000002455             I02261021000000024500000245            26102100000000223543411236901000000000000000000000000000000000000000000000000000000000000000000000000000000000000000000000000000000000000000000000         00000000000000000000000DANIEL AUGUSTO KRUG                                                   000047
10283566299000173866800252060        BOLETO TESTE FEPESE      00000249            109000002497             I02261021000000024900000249            26102100000000223543411236901000000000000000000000000000000000000000000000000000000000000000000000000000000000000000000000000000000000000000000000         00000000000000000000000DANIEL AUGUSTO KRUG                                                   000048
10283566299000173866800252060        BOLETO TESTE FEPESE      00000257            109000002570             I02261021000000025700000257            26102100000000223543411236901000000000000000000000000000000000000000000000000000000000000000000000000000000000000000000000000000000000000000000000         00000000000000000000000DANIEL AUGUSTO KRUG                                                   000049
10283566299000173866800252060        BOLETO TESTE FEPESE      00000269            109000002695             I02261021000000026900000269            26102100000000223543411236901000000000000000000000000000000000000000000000000000000000000000000000000000000000000000000000000000000000000000000000         00000000000000000000000DANIEL AUGUSTO KRUG                                                   000050
10283566299000173866800252060        BOLETO TESTE FEPESE      00000274            109000002745             I02261021000000027400000274            26102100000000223543411236901000000000000000000000000000000000000000000000000000000000000000000000000000000000000000000000000000000000000000000000         00000000000000000000000DANIEL AUGUSTO KRUG                                                   000051
10283566299000173866800252060        BOLETO TESTE FEPESE      00000278            109000002786             I02261021000000027800000278            26102100000000223543411236901000000000000000000000000000000000000000000000000000000000000000000000000000000000000000000000000000000000000000000000         00000000000000000000000DANIEL AUGUSTO KRUG                                                   000052
10283566299000173866800252060        BOLETO TESTE FEPESE      00000280            109000002802             I02261021000000028000000280            26102100000000223543411236901000000000000000000000000000000000000000000000000000000000000000000000000000000000000000000000000000000000000000000000         00000000000000000000000DANIEL AUGUSTO KRUG                                                   000053
10283566299000173866800252060        BOLETO TESTE FEPESE      00000284            109000002844             I02261021000000028400000284            26102100000000223543411236901000000000000000000000000000000000000000000000000000000000000000000000000000000000000000000000000000000000000000000000         00000000000000000000000DANIEL AUGUSTO KRUG                                                   000054
10283566299000173866800252060        BOLETO TESTE FEPESE      00000328            109000003289             I02261021000000032800000328            26102100000000223543411236901000000000000000000000000000000000000000000000000000000000000000000000000000000000000000000000000000000000000000000000         00000000000000000000000DANIEL AUGUSTO KRUG                                                   000055
10283566299000173866800252060        BOLETO TESTE FEPESE      00000342            109000003420             I02261021000000034200000342            26102100000000223543411236901000000000000000000000000000000000000000000000000000000000000000000000000000000000000000000000000000000000000000000000         00000000000000000000000DANIEL AUGUSTO KRUG                                                   000056
10283566299000173866800252060        BOLETO TESTE FEPESE      00000440            109000004402             I02261021000000044000000440            26102100000000223543411236901000000000000000000000000000000000000000000000000000000000000000000000000000000000000000000000000000000000000000000000         00000000000000000000000DANIEL AUGUSTO KRUG                                                   000057
10283566299000173866800252060        BOLETO TESTE FEPESE      00000762            109000007629             I02261021000000076200000762            26102100000000223543411236901000000000000000000000000000000000000000000000000000000000000000000000000000000000000000000000000000000000000000000000         00000000000000000000000DANIEL AUGUSTO KRUG                                                   000058
10283566299000173866800252060                                 00001705            109000017057             I02261021000000170500001705            31102100000000090003413883601000000000000000000000000000000000000000000000000000000000000000000000000000000000000000000000000000000000000000000000         00000000000000000000000HUGO HENRIQUE SAULLIN ALVARO                                          000059
10283566299000173866800252060                                 00001706            109000017065             I02261021000000170600001706            31102100000000090003410946401000000000000000000000000000000000000000000000000000000000000000000000000000000000000000000000000000000000000000000000         00000000000000000000000MANOEL FRANCELINO DOS SANTOS F                                        000060
10283566299000173866800252060                                 00001707            109000017073             I02261021000000170700001707            31102100000000090003410282401000000000000000000000000000000000000000000000000000000000000000000000000000000000000000000000000000000000000000000000         00000000000000000000000FILIPPI MICKAEL MARTINI HONORI                                        000061
10283566299000173866800252060                                 00001708            109000017081             I02261021000000170800001708            31102100000000095003410282401000000000000000000000000000000000000000000000000000000000000000000000000000000000000000000000000000000000000000000000         00000000000000000000000FILIPPI MICKAEL MARTINI HONORI                                        000062
10283566299000173866800252060                                 00001709            109000017099             I02261021000000170900001709            31102100000000091003413883601000000000000000000000000000000000000000000000000000000000000000000000000000000000000000000000000000000000000000000000         00000000000000000000000HUGO HENRIQUE SAULLIN ALVARO                                          000063
10283566299000173866800252060                                 00001869            109000018691             I02261021000000186900001869            26102100000000099003414684701000000000000000000000000000000000000000000000000000000000000000000000000000000000000000000000000000000000000000000000         00000000000000000000000DANIELLE DE OLIVEIRA MAGALHAES                                        000064
10283566299000173866800252060                                 00006166            109000061667             I02261021000000616600006166            31102100000000090003416243001000000000000000000000000000000000000000000000000000000000000000000000000000000000000000000000000000000000000000000000         00000000000000000000000FERNANDA OLIVEIRA DA CRUZ                                             000065
10283566299000173866800252060                                 00006167            109000061675             I02261021000000616700006167            31102100000000140003410548801000000000000000000000000000000000000000000000000000000000000000000000000000000000000000000000000000000000000000000000         00000000000000000000000JOSE LUIS MODENA                                                      000066
10283566299000173866800252060                                 00006168            109000061683             I02261021000000616800006168            31102100000000120003412924901000000000000000000000000000000000000000000000000000000000000000000000000000000000000000000000000000000000000000000000         00000000000000000000000ANA LISSA BARA                                                        000067
10283566299000173866800252060                                 00006169            109000061691             I02261021000000616900006169            31102100000000090003417716401000000000000000000000000000000000000000000000000000000000000000000000000000000000000000000000000000000000000000000000         00000000000000000000000DAVID PEREIRA DA COSTA                                                000068
10283566299000173866800252060                                 00006170            109000061709             I02261021000000617000006170            31102100000000120003410548801000000000000000000000000000000000000000000000000000000000000000000000000000000000000000000000000000000000000000000000         00000000000000000000000JOSE LUIS MODENA                                                      000069
10283566299000173866800252060                                 00006171            109000061717             I02261021000000617100006171            31102100000000120003412897701000000000000000000000000000000000000000000000000000000000000000000000000000000000000000000000000000000000000000000000         00000000000000000000000EONY MAMEDE JUNIOR                                                    000070
10283566299000173866800252060                                 00006172            109000061725             I02261021000000617200006172            31102100000000120003410109901000000000000000000000000000000000000000000000000000000000000000000000000000000000000000000000000000000000000000000000         00000000000000000000000AGNALDO PEREIRA                                                       000071
10283566299000173866800252060                                 00006173            109000061733             I02261021000000617300006173            31102100000000140003419893901000000000000000000000000000000000000000000000000000000000000000000000000000000000000000000000000000000000000000000000         00000000000000000000000ANDRE BANDEIRA SANTOS                                                 000072
10283566299000173866800252060                                 00006174            109000061741             I02261021000000617400006174            31102100000000120003410361601000000000000000000000000000000000000000000000000000000000000000000000000000000000000000000000000000000000000000000000         00000000000000000000000JAMILLE CARLA OLIVEIRA ARAUJO                                         000073
10283566299000173866800252060                                 00006175            109000061758             I02261021000000617500006175            31102100000000140003414020401000000000000000000000000000000000000000000000000000000000000000000000000000000000000000000000000000000000000000000000         00000000000000000000000SILVANA ANITA WALTER                                                  000074
10283566299000173866800252060                                 00006176            109000061766             I02261021000000617600006176            31102100000000140003411689901000000000000000000000000000000000000000000000000000000000000000000000000000000000000000000000000000000000000000000000         00000000000000000000000FLAVIO LUIZ LARA                                                      000075
10283566299000173866800252060                                 00006177            109000061774             I02261021000000617700006177            31102100000000120003414683901000000000000000000000000000000000000000000000000000000000000000000000000000000000000000000000000000000000000000000000         00000000000000000000000LUCAS OLIVEIRA BEZERRA                                                000076
10283566299000173866800252060                                 00006178            109000061782             I02261021000000617800006178            31102100000000090003411472001000000000000000000000000000000000000000000000000000000000000000000000000000000000000000000000000000000000000000000000         00000000000000000000000BRUNA JOANA GOULART                                                   000077
10283566299000173866800252060                                 00006179            109000061790             I02261021000000617900006179            31102100000000120003410109901000000000000000000000000000000000000000000000000000000000000000000000000000000000000000000000000000000000000000000000         00000000000000000000000DANIEL MARTINS SILVA                                                  000078
10283566299000173866800252060                                 00006180            109000061808             I02261021000000618000006180            31102100000000090003410109901000000000000000000000000000000000000000000000000000000000000000000000000000000000000000000000000000000000000000000000         00000000000000000000000ERNESTO OLIVEIRA BENTO DE MELO                                        000079
10283566299000173866800252060                                 00006181            109000061816             I02261021000000618100006181            31102100000000090003410109901000000000000000000000000000000000000000000000000000000000000000000000000000000000000000000000000000000000000000000000         00000000000000000000000JENNIFER MAIARA ROCCO DA SILVA                                        000080
10283566299000173866800252060                                 00001734            109000017347             I06251021000000173400001734            24102100000000040000010768201000000000017500000000000000000000000000000000000000000000000000000000000000000000000000382500000000000000000000000000   27102100000000000000000000000CAMILA AYUMI YOKOYAMA                                               B6000081
10283566299000173866800252060                                 00001780            109000017800             I06251021000000178000001780            25102100000000080007480718701000000000017500000000000000000000000000000000000000000000000000000000000000000000000000782500000000000000000000000000   27102100000000000000000000000REGIANE CRISTINA GOMES                                              B3000082
10283566299000173866800252060                                 00001784            109000017842             I06251021000000178400001784            25102100000000080000010229501000000000017500000000000000000000000000000000000000000000000000000000000000000000000000782500000000000000000000000000   27102100000000000000000000000DENER MATHEUS DA SILVA VIANA                                        B6000083
10283566299000173866800252060                                 00001786            109000017867             I06251021000000178600001786            25102100000000080007487129001000000000017500000000000000000000000000000000000000000000000000000000000000000000000000782500000000000000000000000000   27102100000000000000000000000EDINA CARINE DE SOUZA KINZLER                                       B3000084
10283566299000173866800252060                                 00001787            109000017875             I06251021000000178700001787            25102100000000080001044006301000000000017500000000000000000000000000000000000000000000000000000000000000000000000000782500000000000000000000000000   27102100000000000000000000000EMERSON ORSINI FERRARI                                              B3000085
10283566299000173866800252060                                 00001795            109000017958             I06251021000000179500001795            25102100000000080000011636001000000000017500000000000000000000000000000000000000000000000000000000000000000000000000782500000000000000000000000000   27102100000000000000000000000MARCILENE PEREIRA DA SILVA                                          B6000086
10283566299000173866800252060                                 00001796            109000017966             I06251021000000179600001796            25102100000000040000011636001000000000017500000000000000000000000000000000000000000000000000000000000000000000000000382500000000000000000000000000   27102100000000000000000000000EVANDRO CESAR DE FIGUEIREDO MO                                      B6000087
10283566299000173866800252060                                 00001802            109000018022             I06251021000000180200001802            25102100000000080000013273001000000000017500000000000000000000000000000000000000000000000000000000000000000000000000782500000000000000000000000000   27102100000000000000000000000JONATAS DUTRA SALLABERRY                                            B3000088
10283566299000173866800252060                                 00001806            109000018063             I06251021000000180600001806            25102100000000080000010443201000000000017500000000000000000000000000000000000000000000000000000000000000000000000000782500000000000000000000000000   27102100000000000000000000000ISABEL TASSIANE ALVES SEVERINO                                      B1000089
10283566299000173866800252060                                 00001807            109000018071             I06251021000000180700001807            25102100000000080001040408501000000000017500000000000000000000000000000000000000000000000000000000000000000000000000782500000000000000000000000000   27102100000000000000000000000ZILTON BARTOLOMEU MARTINS                                           B3000090
10283566299000173866800252060                                 00001817            109000018170             I06251021000000181700001817            25102100000000080000013240901000000000017500000000000000000000000000000000000000000000000000000000000000000000000000782500000000000000000000000000   27102100000000000000000000000FABRICIO NATANAEL MARTHA                                            B6000091
10283566299000173866800252060                                 00001818            109000018188             I06251021000000181800001818            25102100000000080003360001801000000000017500000000000000000000000000000000000000000000000000000000000000000000000000782500000000000000000000000000   27102100000000000000000000000PATRICIA PAIN                                                       B1000092
10283566299000173866800252060                                 00001822            109000018220             I06251021000000182200001822            25102100000000040002600001801000000000017500000000000000000000000000000000000000000000000000000000000000000000000000382500000000000000000000000000   27102100000000000000000000000JEFFERSON ZIMMERMANN                                                B3000093
10283566299000173866800252060                                 00001830            109000018303             I06251021000000183000001830            26102100000000140000012278001000000000017500000000000000000000000000000000000000000000000000000000000000000000000001382500000000000000000000000000   27102100000000000000000000000SIMONE LETICIA RAIMUNDINI SANC                                      B6000094
10283566299000173866800252060                                 00001837            109000018378             I06251021000000183700001837            26102100000000080000333471001000000000017500000000000000000000000000000000000000000000000000000000000000000000000000782500000000000000000000000000   27102100000000000000000000000LEONARDO BARBOSA AMARAL                                             B3000095
10283566299000173866800252060                                 00001857            109000018576             I06251021000000185700001857            26102100000000120002120001801000000000017500000000000000000000000000000000000000000000000000000000000000000000000001182500000000000000000000000000   27102100000000000000000000000DIEGO DANTAS SIQUEIRA                                               B3000096
10283566299000173866800252060                                 00001858            109000018584             I06251021000000185800001858            26102100000000040000011869701000000000017500000000000000000000000000000000000000000000000000000000000000000000000000382500000000000000000000000000   27102100000000000000000000000JULIANO GARRETT GALVAO                                              B6000097
10283566299000173866800252060                                 00001863            109000018634             I06251021000000186300001863            26102100000000040006330001801000000000017500000000000000000000000000000000000000000000000000000000000000000000000000382500000000000000000000000000   27102100000000000000000000000BRUNA TAVARES ALVES                                                 B3000098
10283566299000173866800252060                                 00003355            109000033559             I06251021000000335500003355            26102100000000080000011668301000000000017500000000000000000000000000000000000000000000000000000000000000000000000000782500000000000000000000000000   27102100000000000000000000000EMILLE DANIELLE SANTOS DE MORA                                      B6000099
10283566299000173866800252060                                 00003362            109000033625             I06251021000000336200003362            27102100000000040000013634301000000000017500000000000000000000000000000000000000000000000000000000000000000000000000382500000000000000000000000000   27102100000000000000000000000THAINARA PEREIRA DOS SANTOS                                         B6000100
10283566299000173866800252060                                 00004109            109000041099             I06251021000000410900004109            27102100000000080002600001801000000000017500000000000000000000000000000000000000000000000000000000000000000000000000782500000000000000000000000000   27102100000000000000000000000ELENILDO SANTOS BEZERRA                                             B3000101
10283566299000173866800252060                                 00004113            109000041131             I06251021000000411300004113            27102100000000080003418475601000000000017500000000000000000000000000000000000000000000000000000000000000000000000000782500000000000000000000000000   27102100000000000000000000000ANDREIA VERGINELI TRICARICO                                         Q0000102
10283566299000173866800252060                                 00004126            109000041263             I06251021000000412600004126            27102100000000120000013856201000000000017500000000000000000000000000000000000000000000000000000000000000000000000001182500000000000000000000000000   27102100000000000000000000000PAULO ROBERTO RODRIGUES DE SOU                                      B6000103
10283566299000173866800252060                                 00004131            109000041313             I06251021000000413100004131            27102100000000040002600001801000000000017500000000000000000000000000000000000000000000000000000000000000000000000000382500000000000000000000000000   27102100000000000000000000000SAMUEL DA SILVA MACHADO                                             B3000104
10283566299000173866800252060                                 00004132            109000041321             I06251021000000413200004132            28102100000000080001042042001000000000017500000000000000000000000000000000000000000000000000000000000000000000000000782500000000000000000000000000   27102100000000000000000000000MARCIO VILELA MONTES                                                B3000105
10283566299000173866800252060                                 00004135            109000041354             I06251021000000413500004135            28102100000000040001040904301000000000017500000000000000000000000000000000000000000000000000000000000000000000000000382500000000000000000000000000   27102100000000000000000000000NATASCHA JORDANE SILVA OLIVEIR                                      B3000106
10283566299000173866800252060                                 00006150            109000061501             I06251021000000615000006150            29102100000000040002376638101000000000017500000000000000000000000000000000000000000000000000000000000000000000000000382500000000000000000000000000   27102100000000000000000000000AMABILE MARIANA DE CARVALHO                                         B3000107
10283566299000173866800252060                                 00006153            109000061535             I06251021000000615300006153            29102100000000080000010044801000000000017500000000000000000000000000000000000000000000000000000000000000000000000000782500000000000000000000000000   27102100000000000000000000000LUCAS BENEDITO GOMES ROCHA FER                                      B6000108
10283566299000173866800252060                                 00006157            109000061576             I06251021000000615700006157            30102100000000120000700209701000000000017500000000000000000000000000000000000000000000000000000000000000000000000001182500000000000000000000000000   27102100000000000000000000000THAIS REGIS COSTA                                                   B3000109
10283566299000173866800252060                                 00006158            109000061584             I06251021000000615800006158            30102100000000120000700209701000000000017500000000000000000000000000000000000000000000000000000000000000000000000001182500000000000000000000000000   27102100000000000000000000000YURI ANTONIO DE SOUZA                                               B3000110
10283566299000173866800252060                                 00006159            109000061592             I06251021000000615900006159            30102100000000120000700209701000000000017500000000000000000000000000000000000000000000000000000000000000000000000001182500000000000000000000000000   27102100000000000000000000000VINICIUS MONTEIRO PEREIRA                                           B3000111
10283566299000173866800252060                                 00006164            109000061642             I06251021000000616400006164            30102100000000120000011886101000000000017500000000000000000000000000000000000000000000000000000000000000000000000001182500000000000000000000000000   27102100000000000000000000000JANAINA BORGES DE ALMEIDA                                           B6000112
9201341          000000000000000000000000000000          000000000000000000000000000000                                                  000000000000000000000000000000          0000036300000004645722  27/10S000820000011100000001764678                                                                                                                                                                000113
