02RETORNO01COBRANCA       866800252060        FEPESE                        341BANCO ITAU S.A.21102101600BPI00079221021                                                                                                                                                                                                                                                                                   000001
10283566299000173866800252060                                 00001823            109000018238             I02211021000000182300001823            26102100000000140003410659301000000000000000000000000000000000000000000000000000000000000000000000000000000000000000000000000000000000000000000000         00000000000000000000000ADRIANA MARIA PROCOPIO DE ARAU                                        000002
10283566299000173866800252060                                 00001824            109000018246             I02211021000000182400001824            26102100000000080003410345901000000000000000000000000000000000000000000000000000000000000000000000000000000000000000000000000000000000000000000000         00000000000000000000000FERNANDA SOUTO MACHADO                                                000003
10283566299000173866800252060                                 00001825            109000018253             I02211021000000182500001825            26102100000000040003410219601000000000000000000000000000000000000000000000000000000000000000000000000000000000000000000000000000000000000000000000         00000000000000000000000WILLIAN FELIPE ASSIS DE OLIVEI                                        000004
10283566299000173866800252060                                 00001826            109000018261             I02211021000000182600001826            26102100000000040003410289901000000000000000000000000000000000000000000000000000000000000000000000000000000000000000000000000000000000000000000000         00000000000000000000000DEIWID COELHO                                                         000005
10283566299000173866800252060                                 00001827            109000018279             I02211021000000182700001827            26102100000000140003410148701000000000000000000000000000000000000000000000000000000000000000000000000000000000000000000000000000000000000000000000         00000000000000000000000SERGIO LEMOS DUARTE                                                   000006
10283566299000173866800252060                                 00001828            109000018287             I02211021000000182800001828            26102100000000080003411403501000000000000000000000000000000000000000000000000000000000000000000000000000000000000000000000000000000000000000000000         00000000000000000000000RENATO QUEIROZ DE PAULA                                               000007
10283566299000173866800252060                                 00001829            109000018295             I02211021000000182900001829            26102100000000080003412897701000000000000000000000000000000000000000000000000000000000000000000000000000000000000000000000000000000000000000000000         00000000000000000000000MARYLLI RAMOS ALVES                                                   000008
10283566299000173866800252060                                 00001830            109000018303             I02211021000000183000001830            26102100000000140003410113101000000000000000000000000000000000000000000000000000000000000000000000000000000000000000000000000000000000000000000000         00000000000000000000000SIMONE LETICIA RAIMUNDINI SANC                                        000009
10283566299000173866800252060                                 00001831            109000018311             I02211021000000183100001831            26102100000000140003410361601000000000000000000000000000000000000000000000000000000000000000000000000000000000000000000000000000000000000000000000         00000000000000000000000ANTONIO ANDRE CUNHA CALLADO                                           000010
10283566299000173866800252060                                 00001832            109000018329             I02211021000000183200001832            26102100000000080003410289901000000000000000000000000000000000000000000000000000000000000000000000000000000000000000000000000000000000000000000000         00000000000000000000000GISELI SALAIB SPRINGER                                                000011
10283566299000173866800252060                                 00001833            109000018337             I02211021000000183300001833            26102100000000080003414020401000000000000000000000000000000000000000000000000000000000000000000000000000000000000000000000000000000000000000000000         00000000000000000000000VALKIRIA FARIAS DO ROSARIO CAV                                        000012
10283566299000173866800252060                                 00001834            109000018345             I02211021000000183400001834            26102100000000080003410289901000000000000000000000000000000000000000000000000000000000000000000000000000000000000000000000000000000000000000000000         00000000000000000000000AMANDA DA SILVA CAMARGO                                               000013
10283566299000173866800252060                                 00001835            109000018352             I02211021000000183500001835            26102100000000120003410701301000000000000000000000000000000000000000000000000000000000000000000000000000000000000000000000000000000000000000000000         00000000000000000000000DANIEL SOARES GOMES                                                   000014
10283566299000173866800252060                                 00001836            109000018360             I02211021000000183600001836            26102100000000120003410125501000000000000000000000000000000000000000000000000000000000000000000000000000000000000000000000000000000000000000000000         00000000000000000000000CLAUDIO DE SOUZA MIRANDA                                              000015
10283566299000173866800252060                                 00001837            109000018378             I02211021000000183700001837            26102100000000080003410634601000000000000000000000000000000000000000000000000000000000000000000000000000000000000000000000000000000000000000000000         00000000000000000000000LEONARDO BARBOSA AMARAL                                               000016
10283566299000173866800252060                                 00001838            109000018386             I02211021000000183800001838            26102100000000080003410148701000000000000000000000000000000000000000000000000000000000000000000000000000000000000000000000000000000000000000000000         00000000000000000000000GABRIELA MOLINA FRISANCHO                                             000017
10283566299000173866800252060                                 00001839            109000018394             I02211021000000183900001839            26102100000000080003412897701000000000000000000000000000000000000000000000000000000000000000000000000000000000000000000000000000000000000000000000         00000000000000000000000ROSANA PINHO GALIZA                                                   000018
10283566299000173866800252060                                 00001840            109000018402             I02211021000000184000001840            26102100000000040003416243001000000000000000000000000000000000000000000000000000000000000000000000000000000000000000000000000000000000000000000000         00000000000000000000000GABRIEL RODRIGUES DA SILVA                                            000019
10283566299000173866800252060                                 00001841            109000018410             I02211021000000184100001841            26102100000000080003410132101000000000000000000000000000000000000000000000000000000000000000000000000000000000000000000000000000000000000000000000         00000000000000000000000RAFAEL FRANCISCO DE AVILA LEHM                                        000020
10283566299000173866800252060                                 00001842            109000018428             I02211021000000184200001842            26102100000000120003412897701000000000000000000000000000000000000000000000000000000000000000000000000000000000000000000000000000000000000000000000         00000000000000000000000SIDMAR ROBERTO VIEIRA ALMEIDA                                         000021
10283566299000173866800252060                                 00001843            109000018436             I02211021000000184300001843            26102100000000080003410453101000000000000000000000000000000000000000000000000000000000000000000000000000000000000000000000000000000000000000000000         00000000000000000000000LAVOISIENE RODRIGUES DE LIMA                                          000022
10283566299000173866800252060                                 00001844            109000018444             I02211021000000184400001844            26102100000000040003414792801000000000000000000000000000000000000000000000000000000000000000000000000000000000000000000000000000000000000000000000         00000000000000000000000ANA ELIZE RIBEIRO D AVILA                                             000023
10283566299000173866800252060                                 00001845            109000018451             I02211021000000184500001845            26102100000000080003410464801000000000000000000000000000000000000000000000000000000000000000000000000000000000000000000000000000000000000000000000         00000000000000000000000CAIO AUGUSTO FRANCO LUCAS                                             000024
10283566299000173866800252060                                 00001846            109000018469             I02211021000000184600001846            26102100000000040003410548801000000000000000000000000000000000000000000000000000000000000000000000000000000000000000000000000000000000000000000000         00000000000000000000000VANESSA CORAL                                                         000025
10283566299000173866800252060                                 00001847            109000018477             I02211021000000184700001847            26102100000000080003410634601000000000000000000000000000000000000000000000000000000000000000000000000000000000000000000000000000000000000000000000         00000000000000000000000CAMILA VIANA BRASIL                                                   000026
10283566299000173866800252060                                 00001848            109000018485             I02211021000000184800001848            26102100000000080003410667601000000000000000000000000000000000000000000000000000000000000000000000000000000000000000000000000000000000000000000000         00000000000000000000000VICTOR DANIEL VASCONCELOS                                             000027
10283566299000173866800252060                                 00001849            109000018493             I02211021000000184900001849            26102100000000040003410548801000000000000000000000000000000000000000000000000000000000000000000000000000000000000000000000000000000000000000000000         00000000000000000000000DINARA DAS NEVES ANTUNES                                              000028
10283566299000173866800252060                                 00001850            109000018501             I02211021000000185000001850            26102100000000120003410289901000000000000000000000000000000000000000000000000000000000000000000000000000000000000000000000000000000000000000000000         00000000000000000000000LUIZA SANTANGELO REIS                                                 000029
10283566299000173866800252060                                 00001851            109000018519             I02211021000000185100001851            26102100000000080003410548801000000000000000000000000000000000000000000000000000000000000000000000000000000000000000000000000000000000000000000000         00000000000000000000000PAULA PONTES DE CAMPOSRASERA                                          000030
10283566299000173866800252060                                 00001852            109000018527             I02211021000000185200001852            26102100000000040003410548801000000000000000000000000000000000000000000000000000000000000000000000000000000000000000000000000000000000000000000000         00000000000000000000000PAOLA CRISTINA DE LIMA PROCOPI                                        000031
10283566299000173866800252060                                 00001853            109000018535             I02211021000000185300001853            26102100000000080003414684701000000000000000000000000000000000000000000000000000000000000000000000000000000000000000000000000000000000000000000000         00000000000000000000000DANIELLE DE OLIVEIRA MAGALHAES                                        000032
10283566299000173866800252060                                 00001854            109000018543             I02211021000000185400001854            26102100000000080003410233701000000000000000000000000000000000000000000000000000000000000000000000000000000000000000000000000000000000000000000000         00000000000000000000000LILIAN KELY COSTA SILVA RIBEIR                                        000033
10283566299000173866800252060                                 00001855            109000018550             I02211021000000185500001855            26102100000000040003411570101000000000000000000000000000000000000000000000000000000000000000000000000000000000000000000000000000000000000000000000         00000000000000000000000GEOVANI MONTEIRO DE AQUINO                                            000034
10283566299000173866800252060                                 00001856            109000018568             I02211021000000185600001856            26102100000000080003410113101000000000000000000000000000000000000000000000000000000000000000000000000000000000000000000000000000000000000000000000         00000000000000000000000JULIANE ANDRESSA PAVAO                                                000035
10283566299000173866800252060                                 00001857            109000018576             I02211021000000185700001857            26102100000000120003410372301000000000000000000000000000000000000000000000000000000000000000000000000000000000000000000000000000000000000000000000         00000000000000000000000DIEGO DANTAS SIQUEIRA                                                 000036
10283566299000173866800252060                                 00001858            109000018584             I02211021000000185800001858            26102100000000040003410548801000000000000000000000000000000000000000000000000000000000000000000000000000000000000000000000000000000000000000000000         00000000000000000000000JULIANO GARRETT GALVAO                                                000037
10283566299000173866800252060                                 00001859            109000018592             I02211021000000185900001859            26102100000000080003414020401000000000000000000000000000000000000000000000000000000000000000000000000000000000000000000000000000000000000000000000         00000000000000000000000ALESSANDRA KUNZ                                                       000038
10283566299000173866800252060                                 00001860            109000018600             I02211021000000186000001860            26102100000000080003414293701000000000000000000000000000000000000000000000000000000000000000000000000000000000000000000000000000000000000000000000         00000000000000000000000LIDIANE GALVAO BESSA DA COSTA                                         000039
10283566299000173866800252060                                 00001861            109000018618             I02211021000000186100001861            26102100000000080003414270501000000000000000000000000000000000000000000000000000000000000000000000000000000000000000000000000000000000000000000000         00000000000000000000000PABLO HENRIQUE DE OLIVEIRA QUE                                        000040
10283566299000173866800252060                                 00001862            109000018626             I02211021000000186200001862            26102100000000080003412897701000000000000000000000000000000000000000000000000000000000000000000000000000000000000000000000000000000000000000000000         00000000000000000000000RENATA KAORI TANI VIANA                                               000041
10283566299000173866800252060                                 00001863            109000018634             I02211021000000186300001863            26102100000000040003410289901000000000000000000000000000000000000000000000000000000000000000000000000000000000000000000000000000000000000000000000         00000000000000000000000BRUNA TAVARES ALVES                                                   000042
10283566299000173866800252060                                 00001864            109000018642             I02211021000000186400001864            26102100000000080003410289901000000000000000000000000000000000000000000000000000000000000000000000000000000000000000000000000000000000000000000000         00000000000000000000000BRENDA MORELLI PIAZZA                                                 000043
10283566299000173866800252060                                 00001865            109000018659             I02211021000000186500001865            26102100000000080003410289901000000000000000000000000000000000000000000000000000000000000000000000000000000000000000000000000000000000000000000000         00000000000000000000000MARCELO D ACAMPORA FILOMENO                                           000044
10283566299000173866800252060                                 00003352            109000033526             I02211021000000335200003352            26102100000000080003410113101000000000000000000000000000000000000000000000000000000000000000000000000000000000000000000000000000000000000000000000         00000000000000000000000RENAN SILVA DE CARVALHO                                               000045
10283566299000173866800252060                                 00003353            109000033534             I02211021000000335300003353            26102100000000040003411570101000000000000000000000000000000000000000000000000000000000000000000000000000000000000000000000000000000000000000000000         00000000000000000000000FERNANDA DE SOUSA DIAS EVANGEL                                        000046
10283566299000173866800252060                                 00003354            109000033542             I02211021000000335400003354            26102100000000040003410297201000000000000000000000000000000000000000000000000000000000000000000000000000000000000000000000000000000000000000000000         00000000000000000000000MATHEUS LUIS GOIS DE ALMEIDA                                          000047
10283566299000173866800252060                                 00003355            109000033559             I02211021000000335500003355            26102100000000080003412746601000000000000000000000000000000000000000000000000000000000000000000000000000000000000000000000000000000000000000000000         00000000000000000000000EMILLE DANIELLE SANTOS DE MORA                                        000048
10283566299000173866800252060                                 00003356            109000033567             I02211021000000335600003356            26102100000000080003410382201000000000000000000000000000000000000000000000000000000000000000000000000000000000000000000000000000000000000000000000         00000000000000000000000MAIRA LOUISE FERNANDES ALVES                                          000049
10283566299000173866800252060                                 00001732            109000017321             I06201021000000173200001732            22102100000000140001041242701000000000017500000000000000000000000000000000000000000000000000000000000000000000000001382500000000000000000000000000   22102100000000000000000000000RODRIGO VICENTE DOS PRAZERES                                        B3000050
10283566299000173866800252060                                 00001745            109000017453             I06201021000000174500001745            24102100000000040000010016601000000000017500000000000000000000000000000000000000000000000000000000000000000000000000382500000000000000000000000000   22102100000000000000000000000VITORIA ISABEL MARTINS                                              B6000051
10283566299000173866800252060                                 00001750            109000017503             I06201021000000175000001750            25102100000000040000410011701000000000017500000000000000000000000000000000000000000000000000000000000000000000000000382500000000000000000000000000   22102100000000000000000000000JESSICA LIMA SEIDENFUSS                                             B3000052
10283566299000173866800252060                                 00001751            109000017511             I06201021000000175100001751            25102100000000080000010016601000000000017500000000000000000000000000000000000000000000000000000000000000000000000000782500000000000000000000000000   22102100000000000000000000000LAIS KARINE SARDA MARTINS                                           B6000053
10283566299000173866800252060                                 00001756            109000017560             I06201021000000175600001756            25102100000000040000013013001000000000017500000000000000000000000000000000000000000000000000000000000000000000000000382500000000000000000000000000   22102100000000000000000000000LARISSA MOREIRA LONGO                                               B6000054
10283566299000173866800252060                                 00001759            109000017594             I06201021000000175900001759            25102100000000080001040090101000000000017500000000000000000000000000000000000000000000000000000000000000000000000000782500000000000000000000000000   22102100000000000000000000000GLAYSSON AGUILAR DE ARAUJO                                          B3000055
10283566299000173866800252060                                 00001760            109000017602             I06201021000000176000001760            25102100000000080001044124401000000000017500000000000000000000000000000000000000000000000000000000000000000000000000782500000000000000000000000000   22102100000000000000000000000EDSON MIGUEL GRAEFF BORGES                                          B3000056
10283566299000173866800252060                                 00001762            109000017628             I06201021000000176200001762            25102100000000040002373171601000000000017500000000000000000000000000000000000000000000000000000000000000000000000000382500000000000000000000000000   22102100000000000000000000000DIEGO SILVA SANTOS                                                  B3000057
10283566299000173866800252060                                 00001763            109000017636             I06201021000000176300001763            25102100000000040002600001801000000000017500000000000000000000000000000000000000000000000000000000000000000000000000382500000000000000000000000000   22102100000000000000000000000SABRINA FRANCISCO DAVID                                             B3000058
10283566299000173866800252060                                 00001764            109000017644             I06201021000000176400001764            25102100000000040006550001801000000000017500000000000000000000000000000000000000000000000000000000000000000000000000382500000000000000000000000000   22102100000000000000000000000CASIANO GALVAO TORRES                                               B3000059
10283566299000173866800252060                                 00001765            109000017651             I06201021000000176500001765            25102100000000080001041085001000000000017500000000000000000000000000000000000000000000000000000000000000000000000000782500000000000000000000000000   22102100000000000000000000000JEFFERSON LEANDRO SCHMIDT                                           B3000060
10283566299000173866800252060                                 00001767            109000017677             I06201021000000176700001767            25102100000000080002600001801000000000017500000000000000000000000000000000000000000000000000000000000000000000000000782500000000000000000000000000   22102100000000000000000000000VANESSA NOGUEZ MACHADO                                              B3000061
10283566299000173866800252060                                 00001768            109000017685             I06201021000000176800001768            25102100000000080002371230201000000000017500000000000000000000000000000000000000000000000000000000000000000000000000782500000000000000000000000000   22102100000000000000000000000ROBERTO DE CARVALHO CAVALCANTI                                      B3000062
10283566299000173866800252060                                 00001769            109000017693             I06201021000000176900001769            25102100000000080002600001801000000000017500000000000000000000000000000000000000000000000000000000000000000000000000782500000000000000000000000000   22102100000000000000000000000SHAIANE PISA KISTNER                                                B3000063
10283566299000173866800252060                                 00001772            109000017727             I06201021000000177200001772            25102100000000080000010140401000000000017500000000000000000000000000000000000000000000000000000000000000000000000000782500000000000000000000000000   22102100000000000000000000000ALVARO ANTONIO DA SILVA                                             B6000064
10283566299000173866800252060                                 00001778            109000017784             I06201021000000177800001778            25102100000000040006550001801000000000017500000000000000000000000000000000000000000000000000000000000000000000000000382500000000000000000000000000   22102100000000000000000000000PEDRO HENRIQUE SILVA CARVALHO                                       B3000065
10283566299000173866800252060                                 00001779            109000017792             I06201021000000177900001779            25102100000000080000010104001000000000017500000000000000000000000000000000000000000000000000000000000000000000000000782500000000000000000000000000   22102100000000000000000000000ALEXANDRE TEIXEIRA NORBERTO BA                                      B6000066
10283566299000173866800252060                                 00001781            109000017818             I06201021000000178100001781            25102100000000080002600001801000000000017500000000000000000000000000000000000000000000000000000000000000000000000000782500000000000000000000000000   22102100000000000000000000000SANDRA LACI PEITER                                                  B3000067
10283566299000173866800252060                                 00001782            109000017826             I06201021000000178200001782            25102100000000040002600001801000000000017500000000000000000000000000000000000000000000000000000000000000000000000000382500000000000000000000000000   22102100000000000000000000000JULIA BATISTA DE LIMA                                               B3000068
10283566299000173866800252060                                 00001785            109000017859             I06201021000000178500001785            25102100000000080001041366401000000000017500000000000000000000000000000000000000000000000000000000000000000000000000782500000000000000000000000000   22102100000000000000000000000LAUREN DAL BEM VENTURINI                                            B3000069
10283566299000173866800252060                                 00001790            109000017909             I06201021000000179000001790            25102100000000080003410997701000000000017500000000000000000000000000000000000000000000000000000000000000000000000000782500000000000000000000000000   22102100000000000000000000000VERONICA AHIMARARAS VILLALBA                                        BL000070
10283566299000173866800252060                                 00001791            109000017917             I06201021000000179100001791            25102100000000040002600001801000000000017500000000000000000000000000000000000000000000000000000000000000000000000000382500000000000000000000000000   22102100000000000000000000000AMANDA LUANA ORLANDO                                                B3000071
10283566299000173866800252060                                 00001794            109000017941             I06201021000000179400001794            25102100000000080000410943101000000000017500000000000000000000000000000000000000000000000000000000000000000000000000782500000000000000000000000000   22102100000000000000000000000LARISSA DALLA CORTE EUZEBIO                                         B3000072
10283566299000173866800252060                                 00001797            109000017974             I06201021000000179700001797            25102100000000080000013540201000000000017500000000000000000000000000000000000000000000000000000000000000000000000000782500000000000000000000000000   22102100000000000000000000000LUANA CRISTINA MEDEIROS DE LAR                                      B6000073
10283566299000173866800252060                                 00001798            109000017982             I06201021000000179800001798            25102100000000080003417433601000000000017500000000000000000000000000000000000000000000000000000000000000000000000000782500000000000000000000000000   22102100000000000000000000000VALERIA MATILDE DOS SANTOS                                          BL000074
10283566299000173866800252060                                 00001801            109000018014             I06201021000000180100001801            25102100000000080000011453001000000000017500000000000000000000000000000000000000000000000000000000000000000000000000782500000000000000000000000000   22102100000000000000000000000MARILIA PARANAIBA FERREIRA                                          B6000075
10283566299000173866800252060                                 00001803            109000018030             I06201021000000180300001803            25102100000000080003418258601000000000017500000000000000000000000000000000000000000000000000000000000000000000000000782500000000000000000000000000   22102100000000000000000000000LUIZ SERGIO CARVALHO DE MELLO                                       BL000076
10283566299000173866800252060                                 00001804            109000018048             I06201021000000180400001804            25102100000000080000010708801000000000017500000000000000000000000000000000000000000000000000000000000000000000000000782500000000000000000000000000   22102100000000000000000000000RAIMUNDA MACILENA DA SILVA DE                                       B6000077
10283566299000173866800252060                                 00001805            109000018055             I06201021000000180500001805            25102100000000080003413072601000000000017500000000000000000000000000000000000000000000000000000000000000000000000000782500000000000000000000000000   22102100000000000000000000000PEDRO HENRIQUE DA SILVA MELO P                                      BL000078
10283566299000173866800252060                                 00001808            109000018089             I06201021000000180800001808            25102100000000080000012056001000000000017500000000000000000000000000000000000000000000000000000000000000000000000000782500000000000000000000000000   22102100000000000000000000000JAQUELINE DE PAULA SIQUEIRA DA                                      B6000079
10283566299000173866800252060                                 00001809            109000018097             I06201021000000180900001809            25102100000000140000014771201000000000017500000000000000000000000000000000000000000000000000000000000000000000000001382500000000000000000000000000   22102100000000000000000000000CARLOS EDUARDO LAVARDA                                              B6000080
10283566299000173866800252060                                 00001810            109000018105             I06201021000000181000001810            25102100000000080003413070001000000000017500000000000000000000000000000000000000000000000000000000000000000000000000782500000000000000000000000000   22102100000000000000000000000ELIS CARLOT AGOSTINI                                                BL000081
10283566299000173866800252060                                 00001814            109000018147             I06201021000000181400001814            25102100000000080000015201901000000000017500000000000000000000000000000000000000000000000000000000000000000000000000782500000000000000000000000000   22102100000000000000000000000JAQUELINE SILVEIRA CARDOSO                                          B6000082
10283566299000173866800252060                                 00000007            109000000079             I29211021000000000700000007            17082100000000080003410000001000000000076000000000000000000000000000000000000000000000000000000000000000000000000000000000000000000000000000000000         00000000000000000000000ALEJANDRA GABRIELA CERPA PARI                                         000083
9201341          000000000000000000000000000000          000000000000000000000000000000                                                  000000000000000000000000000000          0000029900000002975734  22/10S000790000008200000000628000                                                                                                                                                                000084
