02RETORNO01COBRANCA       866800252060        FEPESE                        341BANCO ITAU S.A.27102101600BPI00083281021                                                                                                                                                                                                                                                                                   000001
10283566299000173866800252060        BOLETO TESTE FEPESE      00000213            109000002133             I02271021000000021300000213            27102100000000223543411236901000000000000000000000000000000000000000000000000000000000000000000000000000000000000000000000000000000000000000000000         00000000000000000000000DANIEL AUGUSTO KRUG                                                   000002
10283566299000173866800252060        BOLETO TESTE FEPESE      00000220            109000002208             I02271021000000022000000220            27102100000000223543411236901000000000000000000000000000000000000000000000000000000000000000000000000000000000000000000000000000000000000000000000         00000000000000000000000DANIEL AUGUSTO KRUG                                                   000003
10283566299000173866800252060        BOLETO TESTE FEPESE      00000228            109000002281             I02271021000000022800000228            27102100000000223543411236901000000000000000000000000000000000000000000000000000000000000000000000000000000000000000000000000000000000000000000000         00000000000000000000000DANIEL AUGUSTO KRUG                                                   000004
10283566299000173866800252060        BOLETO TESTE FEPESE      00000240            109000002406             I02271021000000024000000240            27102100000000223543411236901000000000000000000000000000000000000000000000000000000000000000000000000000000000000000000000000000000000000000000000         00000000000000000000000DANIEL AUGUSTO KRUG                                                   000005
10283566299000173866800252060        BOLETO TESTE FEPESE      00000242            109000002422             I02271021000000024200000242            27102100000000223543411236901000000000000000000000000000000000000000000000000000000000000000000000000000000000000000000000000000000000000000000000         00000000000000000000000DANIEL AUGUSTO KRUG                                                   000006
10283566299000173866800252060        BOLETO TESTE FEPESE      00000243            109000002430             I02271021000000024300000243            27102100000000223543411236901000000000000000000000000000000000000000000000000000000000000000000000000000000000000000000000000000000000000000000000         00000000000000000000000DANIEL AUGUSTO KRUG                                                   000007
10283566299000173866800252060        BOLETO TESTE FEPESE      00000247            109000002471             I02271021000000024700000247            27102100000000223543411236901000000000000000000000000000000000000000000000000000000000000000000000000000000000000000000000000000000000000000000000         00000000000000000000000DANIEL AUGUSTO KRUG                                                   000008
10283566299000173866800252060        BOLETO TESTE FEPESE      00000277            109000002778             I02271021000000027700000277            27102100000000223543411236901000000000000000000000000000000000000000000000000000000000000000000000000000000000000000000000000000000000000000000000         00000000000000000000000DANIEL AUGUSTO KRUG                                                   000009
10283566299000173866800252060        BOLETO TESTE FEPESE      00000309            109000003099             I02271021000000030900000309            27102100000000223543411236901000000000000000000000000000000000000000000000000000000000000000000000000000000000000000000000000000000000000000000000         00000000000000000000000DANIEL AUGUSTO KRUG                                                   000010
10283566299000173866800252060        BOLETO TESTE FEPESE      00000356            109000003560             I02271021000000035600000356            27102100000000223543411236901000000000000000000000000000000000000000000000000000000000000000000000000000000000000000000000000000000000000000000000         00000000000000000000000DANIEL AUGUSTO KRUG                                                   000011
10283566299000173866800252060                                 00006182            109000061824             I02271021000000618200006182            01112100000000090003410289901000000000000000000000000000000000000000000000000000000000000000000000000000000000000000000000000000000000000000000000         00000000000000000000000RAFAEL BONATELLI PRATES                                               000012
10283566299000173866800252060                                 00006183            109000061832             I02271021000000618300006183            01112100000000120003414684701000000000000000000000000000000000000000000000000000000000000000000000000000000000000000000000000000000000000000000000         00000000000000000000000JOAO CARLOS GONCALVES                                                 000013
10283566299000173866800252060                                 00006184            109000061840             I02271021000000618400006184            01112100000000120003413092401000000000000000000000000000000000000000000000000000000000000000000000000000000000000000000000000000000000000000000000         00000000000000000000000KARINA KELEN DA CRUZ                                                  000014
10283566299000173866800252060                                 00001832            109000018329             I06261021000000183200001832            26102100000000080000015209201000000000017500000000000000000000000000000000000000000000000000000000000000000000000000782500000000000000000000000000   28102100000000000000000000000GISELI SALAIB SPRINGER                                              B6000015
10283566299000173866800252060                                 00001841            109000018410             I06261021000000184100001841            26102100000000080000770001801000000000017500000000000000000000000000000000000000000000000000000000000000000000000000782500000000000000000000000000   28102100000000000000000000000RAFAEL FRANCISCO DE AVILA LEHM                                      B3000016
10283566299000173866800252060                                 00001842            109000018428             I06261021000000184200001842            26102100000000120003416158001000000000017500000000000000000000000000000000000000000000000000000000000000000000000001182500000000000000000000000000   28102100000000000000000000000SIDMAR ROBERTO VIEIRA ALMEIDA                                       BL000017
10283566299000173866800252060                                 00001848            109000018485             I06261021000000184800001848            26102100000000080000011218701000000000017500000000000000000000000000000000000000000000000000000000000000000000000000782500000000000000000000000000   28102100000000000000000000000VICTOR DANIEL VASCONCELOS                                           B6000018
10283566299000173866800252060                                 00003353            109000033534             I06261021000000335300003353            26102100000000040003417973101000000000017500000000000000000000000000000000000000000000000000000000000000000000000000382500000000000000000000000000   28102100000000000000000000000FERNANDA DE SOUSA DIAS EVANGEL                                      Q0000019
10283566299000173866800252060                                 00004124            109000041248             I06261021000000412400004124            27102100000000080000010734401000000000017500000000000000000000000000000000000000000000000000000000000000000000000000782500000000000000000000000000   28102100000000000000000000000ELEAZER FELIPE DO PRADO                                             B6000020
10283566299000173866800252060                                 00006170            109000061709             I06261021000000617000006170            31102100000000120002600001801000000000017500000000000000000000000000000000000000000000000000000000000000000000000001182500000000000000000000000000   28102100000000000000000000000JOSE LUIS MODENA                                                    B3000021
10283566299000173866800252060                                 00006173            109000061733             I06261021000000617300006173            31102100000000140000012358001000000000017500000000000000000000000000000000000000000000000000000000000000000000000001382500000000000000000000000000   28102100000000000000000000000ANDRE BANDEIRA SANTOS                                               B6000022
10283566299000173866800252060                                 00006176            109000061766             I06261021000000617600006176            31102100000000140000010184201000000000017500000000000000000000000000000000000000000000000000000000000000000000000001382500000000000000000000000000   28102100000000000000000000000FLAVIO LUIZ LARA                                                    B6000023
10283566299000173866800252060                                 00006179            109000061790             I06261021000000617900006179            31102100000000120000770001801000000000017500000000000000000000000000000000000000000000000000000000000000000000000001182500000000000000000000000000   28102100000000000000000000000DANIEL MARTINS SILVA                                                B3000024
10283566299000173866800252060                                 00000009            109000000095             I29271021000000000900000009            23082100000000140003410000001000000000076000000000000000000000000000000000000000000000000000000000000000000000000000000000000000000000000000000000         00000000000000000000000SAMUEL LEITE CASTELO                                                  000025
9201341          000000000000000000000000000000          000000000000000000000000000000                                                  000000000000000000000000000000          0000036600000004802262  28/10S000830000002400000000370540                                                                                                                                                                000026
