02RETORNO01COBRANCA       866800252060        FEPESE                        341BANCO ITAU S.A.25102101600BPI00081261021                                                                                                                                                                                                                                                                                   000001
10283566299000173866800252060        BOLETO TESTE FEPESE      00000151            109000001515             I02251021000000015100000151            25102100000000223543411236901000000000000000000000000000000000000000000000000000000000000000000000000000000000000000000000000000000000000000000000         00000000000000000000000DANIEL AUGUSTO KRUG                                                   000002
10283566299000173866800252060        BOLETO TESTE FEPESE      00000152            109000001523             I02251021000000015200000152            25102100000000223543411236901000000000000000000000000000000000000000000000000000000000000000000000000000000000000000000000000000000000000000000000         00000000000000000000000DANIEL AUGUSTO KRUG                                                   000003
10283566299000173866800252060        BOLETO TESTE FEPESE      00000153            109000001531             I02251021000000015300000153            25102100000000223543411236901000000000000000000000000000000000000000000000000000000000000000000000000000000000000000000000000000000000000000000000         00000000000000000000000DANIEL AUGUSTO KRUG                                                   000004
10283566299000173866800252060        BOLETO TESTE FEPESE      00000154            109000001549             I02251021000000015400000154            25102100000000223543411236901000000000000000000000000000000000000000000000000000000000000000000000000000000000000000000000000000000000000000000000         00000000000000000000000DANIEL AUGUSTO KRUG                                                   000005
10283566299000173866800252060        BOLETO TESTE FEPESE      00000155            109000001556             I02251021000000015500000155            25102100000000223543411236901000000000000000000000000000000000000000000000000000000000000000000000000000000000000000000000000000000000000000000000         00000000000000000000000DANIEL AUGUSTO KRUG                                                   000006
10283566299000173866800252060        BOLETO TESTE FEPESE      00000156            109000001564             I02251021000000015600000156            25102100000000223543411236901000000000000000000000000000000000000000000000000000000000000000000000000000000000000000000000000000000000000000000000         00000000000000000000000DANIEL AUGUSTO KRUG                                                   000007
10283566299000173866800252060                                 00001866            109000018667             I02251021000000186600001866            31102100000000090003411236901000000000000000000000000000000000000000000000000000000000000000000000000000000000000000000000000000000000000000000000         00000000000000000000000DANIEL AUGUSTO KRUG                                                   000008
10283566299000173866800252060                                 00001867            109000018675             I02251021000000186700001867            31102100000000090003411236901000000000000000000000000000000000000000000000000000000000000000000000000000000000000000000000000000000000000000000000         00000000000000000000000DANIEL AUGUSTO KRUG                                                   000009
10283566299000173866800252060                                 00001868            109000018683             I02251021000000186800001868            09112100000000090003411236901000000000000000000000000000000000000000000000000000000000000000000000000000000000000000000000000000000000000000000000         00000000000000000000000DANIEL AUGUSTO KRUG                                                   000010
10283566299000173866800252060                                 00004132            109000041321             I02251021000000413200004132            28102100000000080003410070301000000000000000000000000000000000000000000000000000000000000000000000000000000000000000000000000000000000000000000000         00000000000000000000000MARCIO VILELA MONTES                                                  000011
10283566299000173866800252060                                 00004133            109000041339             I02251021000000413300004133            28102100000000120003417716401000000000000000000000000000000000000000000000000000000000000000000000000000000000000000000000000000000000000000000000         00000000000000000000000AMANDA PIMENTEL PAES                                                  000012
10283566299000173866800252060                                 00004134            109000041347             I02251021000000413400004134            28102100000000040003417716401000000000000000000000000000000000000000000000000000000000000000000000000000000000000000000000000000000000000000000000         00000000000000000000000ANA KAROLINY RODRIGUES DOS SAN                                        000013
10283566299000173866800252060                                 00004135            109000041354             I02251021000000413500004135            28102100000000040003417189401000000000000000000000000000000000000000000000000000000000000000000000000000000000000000000000000000000000000000000000         00000000000000000000000NATASCHA JORDANE SILVA OLIVEIR                                        000014
10283566299000173866800252060                                 00006148            109000061485             I02251021000000614800006148            29102100000000140003410548801000000000000000000000000000000000000000000000000000000000000000000000000000000000000000000000000000000000000000000000         00000000000000000000000JOSE LUIS MODENA                                                      000015
10283566299000173866800252060                                 00006149            109000061493             I02251021000000614900006149            29102100000000080003410059601000000000000000000000000000000000000000000000000000000000000000000000000000000000000000000000000000000000000000000000         00000000000000000000000GILBERTO SANTIAGO SILVA SANTOS                                        000016
10283566299000173866800252060                                 00006150            109000061501             I02251021000000615000006150            29102100000000040003412947001000000000000000000000000000000000000000000000000000000000000000000000000000000000000000000000000000000000000000000000         00000000000000000000000AMABILE MARIANA DE CARVALHO                                           000017
10283566299000173866800252060                                 00006151            109000061519             I02251021000000615100006151            29102100000000040003411236901000000000000000000000000000000000000000000000000000000000000000000000000000000000000000000000000000000000000000000000         00000000000000000000000DANIEL AUGUSTO KRUG                                                   000018
10283566299000173866800252060                                 00006152            109000061527             I02251021000000615200006152            29102100000000040003410462201000000000000000000000000000000000000000000000000000000000000000000000000000000000000000000000000000000000000000000000         00000000000000000000000FELYX GABRIEL FULANETE BENTO                                          000019
10283566299000173866800252060                                 00006153            109000061535             I02251021000000615300006153            29102100000000080003410548801000000000000000000000000000000000000000000000000000000000000000000000000000000000000000000000000000000000000000000000         00000000000000000000000LUCAS BENEDITO GOMES ROCHA FER                                        000020
10283566299000173866800252060                                 00006154            109000061543             I02251021000000615400006154            30102100000000140003410330101000000000000000000000000000000000000000000000000000000000000000000000000000000000000000000000000000000000000000000000         00000000000000000000000VINICIUS COSTA DA SILVA ZONATT                                        000021
10283566299000173866800252060                                 00006155            109000061550             I02251021000000615500006155            30102100000000120003410322801000000000000000000000000000000000000000000000000000000000000000000000000000000000000000000000000000000000000000000000         00000000000000000000000RAFAEL CRISOSTOMO ALVES                                               000022
10283566299000173866800252060                                 00006156            109000061568             I02251021000000615600006156            30102100000000090003416243001000000000000000000000000000000000000000000000000000000000000000000000000000000000000000000000000000000000000000000000         00000000000000000000000EMANUEL GENESIO DA SIVEIRA                                            000023
10283566299000173866800252060                                 00006157            109000061576             I02251021000000615700006157            30102100000000120003414684701000000000000000000000000000000000000000000000000000000000000000000000000000000000000000000000000000000000000000000000         00000000000000000000000THAIS REGIS COSTA                                                     000024
10283566299000173866800252060                                 00006158            109000061584             I02251021000000615800006158            30102100000000120003414684701000000000000000000000000000000000000000000000000000000000000000000000000000000000000000000000000000000000000000000000         00000000000000000000000YURI ANTONIO DE SOUZA                                                 000025
10283566299000173866800252060                                 00006159            109000061592             I02251021000000615900006159            30102100000000120003414684701000000000000000000000000000000000000000000000000000000000000000000000000000000000000000000000000000000000000000000000         00000000000000000000000VINICIUS MONTEIRO PEREIRA                                             000026
10283566299000173866800252060                                 00006160            109000061600             I02251021000000616000006160            30102100000000040003412909001000000000000000000000000000000000000000000000000000000000000000000000000000000000000000000000000000000000000000000000         00000000000000000000000MONICA CONIUTTI                                                       000027
10283566299000173866800252060                                 00006161            109000061618             I02251021000000616100006161            30102100000000040003410289901000000000000000000000000000000000000000000000000000000000000000000000000000000000000000000000000000000000000000000000         00000000000000000000000RENATO ALVES DIAS SCHMITZ                                             000028
10283566299000173866800252060                                 00006162            109000061626             I02251021000000616200006162            30102100000000040003410289901000000000000000000000000000000000000000000000000000000000000000000000000000000000000000000000000000000000000000000000         00000000000000000000000LUIZA GRANDE BENEDET                                                  000029
10283566299000173866800252060                                 00006163            109000061634             I02251021000000616300006163            30102100000000120003410443201000000000000000000000000000000000000000000000000000000000000000000000000000000000000000000000000000000000000000000000         00000000000000000000000DIEGO EMANOEL SOUSA GONCALVES                                         000030
10283566299000173866800252060                                 00006164            109000061642             I02251021000000616400006164            30102100000000120003411615401000000000000000000000000000000000000000000000000000000000000000000000000000000000000000000000000000000000000000000000         00000000000000000000000JANAINA BORGES DE ALMEIDA                                             000031
10283566299000173866800252060                                 00006165            109000061659             I02251021000000616500006165            30102100000000120003410109901000000000000000000000000000000000000000000000000000000000000000000000000000000000000000000000000000000000000000000000         00000000000000000000000DAIANA BRAGUETO MARTINS                                               000032
10283566299000173866800252060                                 00001736            109000017362             I06221021000000173600001736            24102100000000080000013634301000000000017500000000000000000000000000000000000000000000000000000000000000000000000000782500000000000000000000000000   26102100000000000000000000000AMANDA MANES KOCH                                                   B6000033
10283566299000173866800252060                                 00001737            109000017370             I06221021000000173700001737            24102100000000080001041084301000000000017500000000000000000000000000000000000000000000000000000000000000000000000000782500000000000000000000000000   26102100000000000000000000000EDUARDO TRAMONTIN CASTANHA                                          B5000034
10283566299000173866800252060                                 00001749            109000017495             I06221021000000174900001749            25102100000000040000010388901000000000017500000000000000000000000000000000000000000000000000000000000000000000000000382500000000000000000000000000   26102100000000000000000000000STEPHANY MAYUMI ARASE ROSENDO                                       B6000035
10283566299000173866800252060                                 00001770            109000017701             I06221021000000177000001770            25102100000000080000333243301000000000017500000000000000000000000000000000000000000000000000000000000000000000000000782500000000000000000000000000   26102100000000000000000000000RODOLFO VIEIRA NUNES                                                B3000036
10283566299000173866800252060                                 00001775            109000017750             I06221021000000177500001775            25102100000000080001044924701000000000017500000000000000000000000000000000000000000000000000000000000000000000000000782500000000000000000000000000   26102100000000000000000000000ANDREIA CITTADIN                                                    B3000037
10283566299000173866800252060                                 00001815            109000018154             I06221021000000181500001815            25102100000000080000011607101000000000017500000000000000000000000000000000000000000000000000000000000000000000000000782500000000000000000000000000   26102100000000000000000000000LETICIA GUINATTI RODRIGUES                                          B2000038
10283566299000173866800252060                                 00001825            109000018253             I06221021000000182500001825            26102100000000040001040116401000000000017500000000000000000000000000000000000000000000000000000000000000000000000000382500000000000000000000000000   26102100000000000000000000000WILLIAN FELIPE ASSIS DE OLIVEI                                      B3000039
10283566299000173866800252060                                 00001833            109000018337             I06221021000000183300001833            26102100000000080000011607101000000000017500000000000000000000000000000000000000000000000000000000000000000000000000782500000000000000000000000000   26102100000000000000000000000VALKIRIA FARIAS DO ROSARIO CAV                                      B2000040
10283566299000173866800252060                                 00001839            109000018394             I06221021000000183900001839            26102100000000080000010093501000000000017500000000000000000000000000000000000000000000000000000000000000000000000000782500000000000000000000000000   26102100000000000000000000000ROSANA PINHO GALIZA                                                 B2000041
10283566299000173866800252060                                 00001854            109000018543             I06221021000000185400001854            26102100000000080007562333301000000000017500000000000000000000000000000000000000000000000000000000000000000000000000782500000000000000000000000000   26102100000000000000000000000LILIAN KELY COSTA SILVA RIBEIR                                      B3000042
10283566299000173866800252060                                 00001861            109000018618             I06221021000000186100001861            26102100000000080002600001801000000000017500000000000000000000000000000000000000000000000000000000000000000000000000782500000000000000000000000000   26102100000000000000000000000PABLO HENRIQUE DE OLIVEIRA QUE                                      B3000043
10283566299000173866800252060                                 00003352            109000033526             I06221021000000335200003352            26102100000000080000011607101000000000017500000000000000000000000000000000000000000000000000000000000000000000000000782500000000000000000000000000   26102100000000000000000000000RENAN SILVA DE CARVALHO                                             B2000044
10283566299000173866800252060                                 00003354            109000033542             I06221021000000335400003354            26102100000000040006330001801000000000017500000000000000000000000000000000000000000000000000000000000000000000000000382500000000000000000000000000   26102100000000000000000000000MATHEUS LUIS GOIS DE ALMEIDA                                        B3000045
10283566299000173866800252060                                 00003356            109000033567             I06221021000000335600003356            26102100000000080002371594101000000000017500000000000000000000000000000000000000000000000000000000000000000000000000782500000000000000000000000000   26102100000000000000000000000MAIRA LOUISE FERNANDES ALVES                                        B3000046
10283566299000173866800252060                                 00003357            109000033575             I06221021000000335700003357            27102100000000080001040968801000000000017500000000000000000000000000000000000000000000000000000000000000000000000000782500000000000000000000000000   26102100000000000000000000000TIAGO WOHLEMBERG                                                    B3000047
10283566299000173866800252060                                 00003359            109000033591             I06221021000000335900003359            27102100000000080001040508201000000000017500000000000000000000000000000000000000000000000000000000000000000000000000782500000000000000000000000000   26102100000000000000000000000DEBORA DESCONSI SUTERO                                              B3000048
10283566299000173866800252060                                 00003390            109000033906             I06221021000000339000003390            27102100000000080002600001801000000000017500000000000000000000000000000000000000000000000000000000000000000000000000782500000000000000000000000000   26102100000000000000000000000CLEIDINARA RIBEIRO DIAS                                             B3000049
10283566299000173866800252060                                 00004112            109000041123             I06221021000000411200004112            27102100000000120002600001801000000000017500000000000000000000000000000000000000000000000000000000000000000000000001182500000000000000000000000000   26102100000000000000000000000ANDRESSA MICHELS                                                    B3000050
10283566299000173866800252060                                 00004115            109000041156             I06221021000000411500004115            27102100000000080006330001801000000000017500000000000000000000000000000000000000000000000000000000000000000000000000782500000000000000000000000000   26102100000000000000000000000ALINE ROBERTA HALIK                                                 B3000051
10283566299000173866800252060                                 00004116            109000041164             I06221021000000411600004116            27102100000000040002600001801000000000017500000000000000000000000000000000000000000000000000000000000000000000000000382500000000000000000000000000   26102100000000000000000000000EDNILSON MITCHELL DOS SANTOS C                                      B3000052
10283566299000173866800252060                                 00004118            109000041180             I06221021000000411800004118            27102100000000080002600001801000000000017500000000000000000000000000000000000000000000000000000000000000000000000000782500000000000000000000000000   26102100000000000000000000000RAQUEL ARAUJO OLIVEIRA                                              B3000053
10283566299000173866800252060                                 00004120            109000041206             I06221021000000412000004120            27102100000000080000010428301000000000017500000000000000000000000000000000000000000000000000000000000000000000000000782500000000000000000000000000   26102100000000000000000000000VANDERSON RIBEIRO GONCALVES                                         B6000054
10283566299000173866800252060                                 00004121            109000041214             I06221021000000412100004121            27102100000000120001042086701000000000017500000000000000000000000000000000000000000000000000000000000000000000000001182500000000000000000000000000   26102100000000000000000000000CLEITON FRANCO                                                      B3000055
10283566299000173866800252060                                 00004122            109000041222             I06221021000000412200004122            27102100000000080002370156001000000000017500000000000000000000000000000000000000000000000000000000000000000000000000782500000000000000000000000000   26102100000000000000000000000LUCAS MOLINA LIOI                                                   B3000056
10283566299000173866800252060                                 00004123            109000041230             I06221021000000412300004123            27102100000000080002600001801000000000017500000000000000000000000000000000000000000000000000000000000000000000000000782500000000000000000000000000   26102100000000000000000000000CLEITON LUIZ KLOCHINSKI                                             B3000057
10283566299000173866800252060                                 00004127            109000041271             I06221021000000412700004127            27102100000000120000017076301000000000017500000000000000000000000000000000000000000000000000000000000000000000000001182500000000000000000000000000   26102100000000000000000000000ADRIANA MARIA PROCOPIO DE ARAU                                      B6000058
10283566299000173866800252060                                 00004128            109000041289             I06221021000000412800004128            27102100000000120000334237401000000000017500000000000000000000000000000000000000000000000000000000000000000000000001182500000000000000000000000000   26102100000000000000000000000JOSMARIA LIMA RIBEIRO DE OLIVE                                      B3000059
10283566299000173866800252060                                 00000008            109000000087             I29251021000000000800000008            19082100000000080003410000001000000000076000000000000000000000000000000000000000000000000000000000000000000000000000000000000000000000000000000000         00000000000000000000000DANIEL AUGUSTO KRUG                                                   000060
9201341          000000000000000000000000000000          000000000000000000000000000000                                                  000000000000000000000000000000          0000031600000003381044  26/10S000810000005900000000574124                                                                                                                                                                000061
