02RETORNO01COBRANCA       866800252060        FEPESE                        341BANCO ITAU S.A.28102101600BPI00084291021                                                                                                                                                                                                                                                                                   000001
10283566299000173866800252060        BOLETO TESTE FEPESE      00000184            109000001846             I02281021000000018400000184            28102100000000223543411236901000000000000000000000000000000000000000000000000000000000000000000000000000000000000000000000000000000000000000000000         00000000000000000000000DANIEL AUGUSTO KRUG                                                   000002
10283566299000173866800252060        BOLETO TESTE FEPESE      00000212            109000002125             I02281021000000021200000212            28102100000000223543411236901000000000000000000000000000000000000000000000000000000000000000000000000000000000000000000000000000000000000000000000         00000000000000000000000DANIEL AUGUSTO KRUG                                                   000003
10283566299000173866800252060        BOLETO TESTE FEPESE      00000221            109000002216             I02281021000000022100000221            28102100000000223543411236901000000000000000000000000000000000000000000000000000000000000000000000000000000000000000000000000000000000000000000000         00000000000000000000000DANIEL AUGUSTO KRUG                                                   000004
10283566299000173866800252060        BOLETO TESTE FEPESE      00000252            109000002521             I02281021000000025200000252            28102100000000223543411236901000000000000000000000000000000000000000000000000000000000000000000000000000000000000000000000000000000000000000000000         00000000000000000000000DANIEL AUGUSTO KRUG                                                   000005
10283566299000173866800252060        BOLETO TESTE FEPESE      00000270            109000002703             I02281021000000027000000270            28102100000000223543411236901000000000000000000000000000000000000000000000000000000000000000000000000000000000000000000000000000000000000000000000         00000000000000000000000DANIEL AUGUSTO KRUG                                                   000006
10283566299000173866800252060        BOLETO TESTE FEPESE      00000279            109000002794             I02281021000000027900000279            28102100000000223543411236901000000000000000000000000000000000000000000000000000000000000000000000000000000000000000000000000000000000000000000000         00000000000000000000000DANIEL AUGUSTO KRUG                                                   000007
10283566299000173866800252060                                 00006185            109000061857             I02281021000000618500006185            02112100000000090003412924901000000000000000000000000000000000000000000000000000000000000000000000000000000000000000000000000000000000000000000000         00000000000000000000000POLIANA LEITE GOMES                                                   000008
10283566299000173866800252060                                 00006186            109000061865             I02281021000000618600006186            02112100000000120003410382201000000000000000000000000000000000000000000000000000000000000000000000000000000000000000000000000000000000000000000000         00000000000000000000000IVANA CRISTINA FAUSTINO CAMARA                                        000009
10283566299000173866800252060                                 00006187            109000061873             I02281021000000618700006187            02112100000000090003410126301000000000000000000000000000000000000000000000000000000000000000000000000000000000000000000000000000000000000000000000         00000000000000000000000JOAO FELIPE DELFINO                                                   000010
10283566299000173866800252060                                 00006188            109000061881             I02281021000000618800006188            02112100000000140003410297201000000000000000000000000000000000000000000000000000000000000000000000000000000000000000000000000000000000000000000000         00000000000000000000000FABIO PRADO DOS SANTOS SANTANA                                        000011
10283566299000173866800252060                                 00006189            109000061899             I02281021000000618900006189            02112100000000140003410582701000000000000000000000000000000000000000000000000000000000000000000000000000000000000000000000000000000000000000000000         00000000000000000000000JAQUELINE CARLA GUSE                                                  000012
10283566299000173866800252060                                 00006190            109000061907             I02281021000000619000006190            02112100000000090003414683901000000000000000000000000000000000000000000000000000000000000000000000000000000000000000000000000000000000000000000000         00000000000000000000000PAULO CESAR PANSINI                                                   000013
10283566299000173866800252060                                 00003360            109000033609             I06271021000000336000003360            27102100000000080002373511301000000000017500000000000000000000000000000000000000000000000000000000000000000000000000782500000000000000000000000000   29102100000000000000000000000DANIELLE OLIVEIRA DE MELO PEIX                                      B3000014
10283566299000173866800252060                                 00003361            109000033617             I06271021000000336100003361            27102100000000080002373511301000000000017500000000000000000000000000000000000000000000000000000000000000000000000000782500000000000000000000000000   29102100000000000000000000000DENIA PATRICIA SOARES                                               B3000015
10283566299000173866800252060                                 00004105            109000041057             I06271021000000410500004105            27102100000000080002373511301000000000017500000000000000000000000000000000000000000000000000000000000000000000000000782500000000000000000000000000   29102100000000000000000000000MARCUS VINICIUS RODRIGUES DE S                                      B3000016
10283566299000173866800252060                                 00004106            109000041065             I06271021000000410600004106            27102100000000080002373511301000000000017500000000000000000000000000000000000000000000000000000000000000000000000000782500000000000000000000000000   29102100000000000000000000000MARIA CRISTINA MARTINS CEZAR                                        B3000017
10283566299000173866800252060                                 00004108            109000041081             I06271021000000410800004108            27102100000000120000018632201000000000017500000000000000000000000000000000000000000000000000000000000000000000000001182500000000000000000000000000   29102100000000000000000000000EDILSON PAULO                                                       B6000018
10283566299000173866800252060                                 00004110            109000041107             I06271021000000411000004110            27102100000000080000011356501000000000017500000000000000000000000000000000000000000000000000000000000000000000000000782500000000000000000000000000   29102100000000000000000000000LUCIANE DAGOSTINI                                                   B3000019
10283566299000173866800252060                                 00004111            109000041115             I06271021000000411100004111            27102100000000040002120001801000000000017500000000000000000000000000000000000000000000000000000000000000000000000000382500000000000000000000000000   29102100000000000000000000000ADRIELI CRISTINA DE SOUZA SILV                                      B3000020
10283566299000173866800252060                                 00004125            109000041255             I06271021000000412500004125            27102100000000080003418668601000000000017500000000000000000000000000000000000000000000000000000000000000000000000000782500000000000000000000000000   29102100000000000000000000000FABIOLA TIBURCIO MACHADO                                            BL000021
10283566299000173866800252060                                 00004134            109000041347             I06271021000000413400004134            28102100000000040007488111701000000000017500000000000000000000000000000000000000000000000000000000000000000000000000382500000000000000000000000000   29102100000000000000000000000ANA KAROLINY RODRIGUES DOS SAN                                      B3000022
10283566299000173866800252060                                 00006154            109000061543             I06271021000000615400006154            30102100000000140001040501701000000000017500000000000000000000000000000000000000000000000000000000000000000000000001382500000000000000000000000000   29102100000000000000000000000VINICIUS COSTA DA SILVA ZONATT                                      B3000023
10283566299000173866800252060                                 00006168            109000061683             I06271021000000616800006168            31102100000000120002371342501000000000017500000000000000000000000000000000000000000000000000000000000000000000000001182500000000000000000000000000   29102100000000000000000000000ANA LISSA BARA                                                      B3000024
10283566299000173866800252060                                 00006171            109000061717             I06271021000000617100006171            31102100000000120000010021601000000000017500000000000000000000000000000000000000000000000000000000000000000000000001182500000000000000000000000000   29102100000000000000000000000EONY MAMEDE JUNIOR                                                  B3000025
10283566299000173866800252060                                 00006175            109000061758             I06271021000000617500006175            31102100000000140001041268201000000000017500000000000000000000000000000000000000000000000000000000000000000000000001382500000000000000000000000000   29102100000000000000000000000SILVANA ANITA WALTER                                                B5000026
10283566299000173866800252060                                 00006177            109000061774             I06271021000000617700006177            31102100000000120002370486101000000000017500000000000000000000000000000000000000000000000000000000000000000000000001182500000000000000000000000000   29102100000000000000000000000LUCAS OLIVEIRA BEZERRA                                              B3000027
10283566299000173866800252060                                 00006183            109000061832             I06271021000000618300006183            01112100000000120002372243401000000000017500000000000000000000000000000000000000000000000000000000000000000000000001182500000000000000000000000000   29102100000000000000000000000JOAO CARLOS GONCALVES                                               B3000028
10283566299000173866800252060                                 00006184            109000061840             I06271021000000618400006184            01112100000000120002600001801000000000017500000000000000000000000000000000000000000000000000000000000000000000000001182500000000000000000000000000   29102100000000000000000000000KARINA KELEN DA CRUZ                                                B3000029
9201341          000000000000000000000000000000          000000000000000000000000000000                                                  000000000000000000000000000000          0000036200000004847386  29/10S000840000002800000000357124                                                                                                                                                                000030
