02RETORNO01COBRANCA       866800252060        FEPESE                        341BANCO ITAU S.A.10112101600BPI00092111121                                                                                                                                                                                                                                                                                   000001
10283566299000173866800252060                                 00006213            109000062137             I06091121000000621300006213            09112100000000120007487446801000000000017500000000000000000000000000000000000000000000000000000000000000000000000001182500000000000000000000000000   11112100000000000000000000000GEOVANA APARECIDA PIRES CHAGAS                                      B3000002
10283566299000173866800252060                                 00006967            109000069678             I06091121000000696700006967            10112100000000090001044439601000000000017500000000000000000000000000000000000000000000000000000000000000000000000000882500000000000000000000000000   11112100000000000000000000000ESTER CASSELINI FERREIRA                                            B5000003
10283566299000173866800252060                                 00008471            109000084719             I06091121000000847100008471            10112100000000090003413721801000000000017500000000000000000000000000000000000000000000000000000000000000000000000000882500000000000000000000000000   11112100000000000000000000000ANA CAROLINE OLEGARIO                                               CK000004
10283566299000173866800252060                                 00008472            109000084727             I06091121000000847200008472            10112100000000090000016609201000000000017500000000000000000000000000000000000000000000000000000000000000000000000000882500000000000000000000000000   11112100000000000000000000000JOAO PEDRO OLIVEIRA DE SOUZA                                        B6000005
10283566299000173866800252060        BOLETO TESTE             00000066            109000000665             I29101121000000006600000066            06082100000000090003410000001000000000076000000000000000000000000000000000000000000000000000000000000000000000000000000000000000000000000000000000         00000000000000000000000DANIEL AUGUSTO KRUG                                                   000006
10283566299000173866800252060        BOLETO TESTE             00000067            109000000673             I29101121000000006700000067            06082100000000090003410000001000000000076000000000000000000000000000000000000000000000000000000000000000000000000000000000000000000000000000000000         00000000000000000000000DANIEL AUGUSTO KRUG                                                   000007
10283566299000173866800252060        BOLETO TESTE             00000068            109000000681             I29101121000000006800000068            06082100000000090003410000001000000000076000000000000000000000000000000000000000000000000000000000000000000000000000000000000000000000000000000000         00000000000000000000000DANIEL AUGUSTO KRUG                                                   000008
10283566299000173866800252060        BOLETO TESTE             00000069            109000000699             I29101121000000006900000069            06082100000000090003410000001000000000076000000000000000000000000000000000000000000000000000000000000000000000000000000000000000000000000000000000         00000000000000000000000DANIEL AUGUSTO KRUG                                                   000009
10283566299000173866800252060        BOLETO TESTE             00000070            109000000707             I29101121000000007000000070            06082100000000090003410000001000000000076000000000000000000000000000000000000000000000000000000000000000000000000000000000000000000000000000000000         00000000000000000000000DANIEL AUGUSTO KRUG                                                   000010
10283566299000173866800252060        BOLETO TESTE             00000071            109000000715             I29101121000000007100000071            06082100000000090003410000001000000000076000000000000000000000000000000000000000000000000000000000000000000000000000000000000000000000000000000000         00000000000000000000000DANIEL AUGUSTO KRUG                                                   000011
10283566299000173866800252060        BOLETO TESTE             00000072            109000000723             I29101121000000007200000072            06082100000000090003410000001000000000076000000000000000000000000000000000000000000000000000000000000000000000000000000000000000000000000000000000         00000000000000000000000DANIEL AUGUSTO KRUG                                                   000012
10283566299000173866800252060        BOLETO TESTE             00000073            109000000731             I29101121000000007300000073            06082100000000090003410000001000000000076000000000000000000000000000000000000000000000000000000000000000000000000000000000000000000000000000000000         00000000000000000000000DANIEL AUGUSTO KRUG                                                   000013
10283566299000173866800252060        BOLETO TESTE             00000074            109000000749             I29101121000000007400000074            06082100000000090003410000001000000000076000000000000000000000000000000000000000000000000000000000000000000000000000000000000000000000000000000000         00000000000000000000000DANIEL AUGUSTO KRUG                                                   000014
10283566299000173866800252060        BOLETO TESTE             00000075            109000000756             I29101121000000007500000075            06082100000000090003410000001000000000076000000000000000000000000000000000000000000000000000000000000000000000000000000000000000000000000000000000         00000000000000000000000DANIEL AUGUSTO KRUG                                                   000015
10283566299000173866800252060        BOLETO TESTE             00000076            109000000764             I29101121000000007600000076            06082100000000090003410000001000000000076000000000000000000000000000000000000000000000000000000000000000000000000000000000000000000000000000000000         00000000000000000000000DANIEL AUGUSTO KRUG                                                   000016
10283566299000173866800252060        BOLETO TESTE             00000077            109000000772             I29101121000000007700000077            06082100000000090003410000001000000000076000000000000000000000000000000000000000000000000000000000000000000000000000000000000000000000000000000000         00000000000000000000000DANIEL AUGUSTO KRUG                                                   000017
10283566299000173866800252060        BOLETO TESTE             00000078            109000000780             I29101121000000007800000078            06082100000000090003410000001000000000076000000000000000000000000000000000000000000000000000000000000000000000000000000000000000000000000000000000         00000000000000000000000DANIEL AUGUSTO KRUG                                                   000018
10283566299000173866800252060        BOLETO TESTE             00000079            109000000798             I29101121000000007900000079            06082100000000090003410000001000000000076000000000000000000000000000000000000000000000000000000000000000000000000000000000000000000000000000000000         00000000000000000000000DANIEL AUGUSTO KRUG                                                   000019
10283566299000173866800252060        BOLETO TESTE             00000080            109000000806             I29101121000000008000000080            06082100000000090003410000001000000000076000000000000000000000000000000000000000000000000000000000000000000000000000000000000000000000000000000000         00000000000000000000000DANIEL AUGUSTO KRUG                                                   000020
10283566299000173866800252060        BOLETO TESTE             00000088            109000000889             I29101121000000008800000088            06082100000000090003410000001000000000076000000000000000000000000000000000000000000000000000000000000000000000000000000000000000000000000000000000         00000000000000000000000DANIEL AUGUSTO KRUG                                                   000021
9201341          000000000000000000000000000000          000000000000000000000000000000                                                  000000000000000000000000000000          0000038100000005057386  11/11S000920000002000000000183000                                                                                                                                                                000022
