02RETORNO01COBRANCA       866800252060        FEPESE                        341BANCO ITAU S.A.08112101600BPI00090091121                                                                                                                                                                                                                                                                                   000001
10283566299000173866800252060                                 00001870            109000018709             I02081121000000187000001870            25102100000000040003414792801000000000000000000000000000000000000000000000000000000000000000000000000000000000000000000000000000000000000000000000         00000000000000000000000JESSICA LIMA SEIDENFUSS                                               000002
10283566299000173866800252060                                 00001871            109000018717             I02081121000000187100001871            25102100000000040003414792801000000000000000000000000000000000000000000000000000000000000000000000000000000000000000000000000000000000000000000000         00000000000000000000000JESSICA LIMA SEIDENFUSS                                               000003
10283566299000173866800252060                                 00006962            109000069629             I02081121000000696200006962            10112100000000120003414684701000000000000000000000000000000000000000000000000000000000000000000000000000000000000000000000000000000000000000000000         00000000000000000000000RAIZZA CRISTINA DE OLIVEIRA BA                                        000004
10283566299000173866800252060                                 00006963            109000069637             I02081121000000696300006963            10112100000000120003410294901000000000000000000000000000000000000000000000000000000000000000000000000000000000000000000000000000000000000000000000         00000000000000000000000MARISTELA MENNA COSTA DA ROZA                                         000005
10283566299000173866800252060                                 00006964            109000069645             I02081121000000696400006964            10112100000000090003410292301000000000000000000000000000000000000000000000000000000000000000000000000000000000000000000000000000000000000000000000         00000000000000000000000VICTOR TOFANELLI DEMARQUI                                             000006
10283566299000173866800252060                                 00006965            109000069652             I02081121000000696500006965            10112100000000120003416570601000000000000000000000000000000000000000000000000000000000000000000000000000000000000000000000000000000000000000000000         00000000000000000000000CRISIANE TEIXEIRA DA SILVA                                            000007
10283566299000173866800252060                                 00006966            109000069660             I02081121000000696600006966            10112100000000090003411615401000000000000000000000000000000000000000000000000000000000000000000000000000000000000000000000000000000000000000000000         00000000000000000000000EMANUEL BRUNO BATISTA DO NASCI                                        000008
10283566299000173866800252060                                 00006967            109000069678             I02081121000000696700006967            10112100000000090003410289901000000000000000000000000000000000000000000000000000000000000000000000000000000000000000000000000000000000000000000000         00000000000000000000000ESTER CASSELINI FERREIRA                                              000009
10283566299000173866800252060                                 00006968            109000069686             I02081121000000696800006968            10112100000000090003410289901000000000000000000000000000000000000000000000000000000000000000000000000000000000000000000000000000000000000000000000         00000000000000000000000CAMILA FERREIRA COSTA                                                 000010
10283566299000173866800252060                                 00006969            109000069694             I02081121000000696900006969            10112100000000120003417474001000000000000000000000000000000000000000000000000000000000000000000000000000000000000000000000000000000000000000000000         00000000000000000000000MARJORIE CRISTINNE GOMES MENEZ                                        000011
10283566299000173866800252060                                 00006970            109000069702             I02081121000000697000006970            10112100000000140003412861301000000000000000000000000000000000000000000000000000000000000000000000000000000000000000000000000000000000000000000000         00000000000000000000000ELIONOR FARAH JREIGE WEFFORT                                          000012
10283566299000173866800252060                                 00006971            109000069710             I02081121000000697100006971            10112100000000140003410289901000000000000000000000000000000000000000000000000000000000000000000000000000000000000000000000000000000000000000000000         00000000000000000000000VIVIANE THEISS                                                        000013
10283566299000173866800252060                                 00006972            109000069728             I02081121000000697200006972            10112100000000090003410289901000000000000000000000000000000000000000000000000000000000000000000000000000000000000000000000000000000000000000000000         00000000000000000000000ARIANE MARIA BOTELHO ARAUJO                                           000014
10283566299000173866800252060                                 00006973            109000069736             I02081121000000697300006973            10112100000000090003410154501000000000000000000000000000000000000000000000000000000000000000000000000000000000000000000000000000000000000000000000         00000000000000000000000PAMELA CRISTINA SCHRAMM                                               000015
10283566299000173866800252060                                 00006974            109000069744             I02081121000000697400006974            10112100000000090003411570101000000000000000000000000000000000000000000000000000000000000000000000000000000000000000000000000000000000000000000000         00000000000000000000000RAFAELLA DE FATIMA MICHELON                                           000016
10283566299000173866800252060                                 00006975            109000069751             I02081121000000697500006975            10112100000000120003410692401000000000000000000000000000000000000000000000000000000000000000000000000000000000000000000000000000000000000000000000         00000000000000000000000ELIZANGELA LOURDES DE CASTRO                                          000017
10283566299000173866800252060                                 00008468            109000084685             I02081121000000846800008468            10112100000000090003410289901000000000000000000000000000000000000000000000000000000000000000000000000000000000000000000000000000000000000000000000         00000000000000000000000CINDY JULIETH CORREA CANO                                             000018
10283566299000173866800252060                                 00006209            109000062095             I06051121000000620900006209            08112100000000090002600001801000000000017500000000000000000000000000000000000000000000000000000000000000000000000000882500000000000000000000000000   09112100000000000000000000000TAIS PARRACHO DOS SANTOS                                            B3000019
10283566299000173866800252060                                 00006959            109000069595             I06051121000000695900006959            10112100000000120000330226101000000000017500000000000000000000000000000000000000000000000000000000000000000000000001182500000000000000000000000000   09112100000000000000000000000VAGNER LUIZ SOARES MONTEIRO                                         B3000020
10283566299000173866800252060        BOLETO TESTE             00000016            109000000160             I29081121000000001600000016            03082100000000090003410000001000000000076000000000000000000000000000000000000000000000000000000000000000000000000000000000000000000000000000000000         00000000000000000000000DANIEL AUGUSTO KRUG                                                   000021
10283566299000173866800252060        BOLETO TESTE             00000017            109000000178             I29081121000000001700000017            03082100000000090003410000001000000000076000000000000000000000000000000000000000000000000000000000000000000000000000000000000000000000000000000000         00000000000000000000000DANIEL AUGUSTO KRUG                                                   000022
10283566299000173866800252060        BOLETO TESTE             00000018            109000000186             I29081121000000001800000018            03082100000000090003410000001000000000076000000000000000000000000000000000000000000000000000000000000000000000000000000000000000000000000000000000         00000000000000000000000DANIEL AUGUSTO KRUG                                                   000023
10283566299000173866800252060        BOLETO TESTE             00000019            109000000194             I29081121000000001900000019            03082100000000090003410000001000000000076000000000000000000000000000000000000000000000000000000000000000000000000000000000000000000000000000000000         00000000000000000000000DANIEL AUGUSTO KRUG                                                   000024
10283566299000173866800252060        BOLETO TESTE             00000020            109000000202             I29081121000000002000000020            03082100000000090003410000001000000000076000000000000000000000000000000000000000000000000000000000000000000000000000000000000000000000000000000000         00000000000000000000000DANIEL AUGUSTO KRUG                                                   000025
10283566299000173866800252060        BOLETO TESTE             00000021            109000000210             I29081121000000002100000021            03082100000000090003410000001000000000076000000000000000000000000000000000000000000000000000000000000000000000000000000000000000000000000000000000         00000000000000000000000DANIEL AUGUSTO KRUG                                                   000026
10283566299000173866800252060        BOLETO TESTE             00000022            109000000228             I29081121000000002200000022            04082100000000090003410000001000000000076000000000000000000000000000000000000000000000000000000000000000000000000000000000000000000000000000000000         00000000000000000000000DANIEL AUGUSTO KRUG                                                   000027
10283566299000173866800252060        BOLETO TESTE             00000023            109000000236             I29081121000000002300000023            04082100000000090003410000001000000000076000000000000000000000000000000000000000000000000000000000000000000000000000000000000000000000000000000000         00000000000000000000000DANIEL AUGUSTO KRUG                                                   000028
10283566299000173866800252060        BOLETO TESTE             00000024            109000000244             I29081121000000002400000024            04082100000000090003410000001000000000076000000000000000000000000000000000000000000000000000000000000000000000000000000000000000000000000000000000         00000000000000000000000DANIEL AUGUSTO KRUG                                                   000029
10283566299000173866800252060        BOLETO TESTE             00000025            109000000251             I29081121000000002500000025            04082100000000090003410000001000000000076000000000000000000000000000000000000000000000000000000000000000000000000000000000000000000000000000000000         00000000000000000000000DANIEL AUGUSTO KRUG                                                   000030
10283566299000173866800252060        BOLETO TESTE             00000026            109000000269             I29081121000000002600000026            04082100000000090003410000001000000000076000000000000000000000000000000000000000000000000000000000000000000000000000000000000000000000000000000000         00000000000000000000000DANIEL AUGUSTO KRUG                                                   000031
10283566299000173866800252060        BOLETO TESTE             00000027            109000000277             I29081121000000002700000027            04082100000000090003410000001000000000076000000000000000000000000000000000000000000000000000000000000000000000000000000000000000000000000000000000         00000000000000000000000DANIEL AUGUSTO KRUG                                                   000032
10283566299000173866800252060        BOLETO TESTE             00000028            109000000285             I29081121000000002800000028            04082100000000090003410000001000000000076000000000000000000000000000000000000000000000000000000000000000000000000000000000000000000000000000000000         00000000000000000000000DANIEL AUGUSTO KRUG                                                   000033
10283566299000173866800252060        BOLETO TESTE             00000029            109000000293             I29081121000000002900000029            04082100000000090003410000001000000000076000000000000000000000000000000000000000000000000000000000000000000000000000000000000000000000000000000000         00000000000000000000000DANIEL AUGUSTO KRUG                                                   000034
10283566299000173866800252060        BOLETO TESTE             00000030            109000000301             I29081121000000003000000030            04082100000000090003410000001000000000076000000000000000000000000000000000000000000000000000000000000000000000000000000000000000000000000000000000         00000000000000000000000DANIEL AUGUSTO KRUG                                                   000035
10283566299000173866800252060        BOLETO TESTE             00000031            109000000319             I29081121000000003100000031            04082100000000090003410000001000000000076000000000000000000000000000000000000000000000000000000000000000000000000000000000000000000000000000000000         00000000000000000000000DANIEL AUGUSTO KRUG                                                   000036
10283566299000173866800252060                                 00000087            109000000871             I29081121000000008700000087            02092100000000140003410000001000000000076000000000000000000000000000000000000000000000000000000000000000000000000000000000000000000000000000000000         00000000000000000000000RODRIGO VICENTE DOS PRAZERES                                          000037
9201341          000000000000000000000000000000          000000000000000000000000000000                                                  000000000000000000000000000000          0000038800000005137386  09/11S000900000003600000000347000                                                                                                                                                                000038
