02RETORNO01COBRANCA       866800252060        FEPESE                        341BANCO ITAU S.A.09112101600BPI00091101121                                                                                                                                                                                                                                                                                   000001
10283566299000173866800252060                                 00008469            109000084693             I02091121000000846900008469            10112100000000090003410289901000000000000000000000000000000000000000000000000000000000000000000000000000000000000000000000000000000000000000000000         00000000000000000000000LUIS FERNANDO PALHARIN                                                000002
10283566299000173866800252060                                 00008470            109000084701             I02091121000000847000008470            10112100000000090003410548801000000000000000000000000000000000000000000000000000000000000000000000000000000000000000000000000000000000000000000000         00000000000000000000000JULIANA SANTOS LUIZ                                                   000003
10283566299000173866800252060                                 00008471            109000084719             I02091121000000847100008471            10112100000000090003410548801000000000000000000000000000000000000000000000000000000000000000000000000000000000000000000000000000000000000000000000         00000000000000000000000ANA CAROLINE OLEGARIO                                                 000004
10283566299000173866800252060                                 00008472            109000084727             I02091121000000847200008472            10112100000000090003410203001000000000000000000000000000000000000000000000000000000000000000000000000000000000000000000000000000000000000000000000         00000000000000000000000JOAO PEDRO OLIVEIRA DE SOUZA                                          000005
10283566299000173866800252060                                 00008473            109000084735             I02091121000000847300008473            10112100000000090003410297201000000000000000000000000000000000000000000000000000000000000000000000000000000000000000000000000000000000000000000000         00000000000000000000000FRANCIEL SOUZA MENEZES                                                000006
10283566299000173866800252060                                 00008474            109000084743             I02091121000000847400008474            10112100000000090003416243001000000000000000000000000000000000000000000000000000000000000000000000000000000000000000000000000000000000000000000000         00000000000000000000000RAFAEL FRANCISCO DA SILVA                                             000007
10283566299000173866800252060                                 00008475            109000084750             I02091121000000847500008475            10112100000000090003410289901000000000000000000000000000000000000000000000000000000000000000000000000000000000000000000000000000000000000000000000         00000000000000000000000GUILHERME HENRIQUE WARMLING                                           000008
10283566299000173866800252060                                 00006216            109000062160             I06081121000000621600006216            09112100000000090002120001801000000000017500000000000000000000000000000000000000000000000000000000000000000000000000882500000000000000000000000000   10112100000000000000000000000ALESSANDRA BEATRIZ RIBEIRO DA                                       B3000009
10283566299000173866800252060                                 00006954            109000069546             I06081121000000695400006954            10112100000000090000015255501000000000017500000000000000000000000000000000000000000000000000000000000000000000000000882500000000000000000000000000   10112100000000000000000000000ALEXANDRE SAUL VIEIRA DE SOUZA                                      B6000010
10283566299000173866800252060                                 00006962            109000069629             I06081121000000696200006962            10112100000000120003415606901000000000017500000000000000000000000000000000000000000000000000000000000000000000000001182500000000000000000000000000   10112100000000000000000000000RAIZZA CRISTINA DE OLIVEIRA BA                                      BL000011
10283566299000173866800252060                                 00006963            109000069637             I06081121000000696300006963            10112100000000120000333240901000000000017500000000000000000000000000000000000000000000000000000000000000000000000001182500000000000000000000000000   10112100000000000000000000000MARISTELA MENNA COSTA DA ROZA                                       B3000012
10283566299000173866800252060                                 00006964            109000069645             I06081121000000696400006964            10112100000000090002600001801000000000017500000000000000000000000000000000000000000000000000000000000000000000000000882500000000000000000000000000   10112100000000000000000000000VICTOR TOFANELLI DEMARQUI                                           B3000013
10283566299000173866800252060                                 00006966            109000069660             I06081121000000696600006966            10112100000000090000011886101000000000017500000000000000000000000000000000000000000000000000000000000000000000000000882500000000000000000000000000   10112100000000000000000000000EMANUEL BRUNO BATISTA DO NASCI                                      B6000014
10283566299000173866800252060                                 00006969            109000069694             I06081121000000696900006969            10112100000000120000010821901000000000017500000000000000000000000000000000000000000000000000000000000000000000000001182500000000000000000000000000   10112100000000000000000000000MARJORIE CRISTINNE GOMES MENEZ                                      B6000015
10283566299000173866800252060                                 00006970            109000069702             I06081121000000697000006970            10112100000000140000332072701000000000017500000000000000000000000000000000000000000000000000000000000000000000000001382500000000000000000000000000   10112100000000000000000000000ELIONOR FARAH JREIGE WEFFORT                                        B3000016
10283566299000173866800252060                                 00006973            109000069736             I06081121000000697300006973            10112100000000090002600001801000000000017500000000000000000000000000000000000000000000000000000000000000000000000000882500000000000000000000000000   10112100000000000000000000000PAMELA CRISTINA SCHRAMM                                             B3000017
10283566299000173866800252060                                 00006974            109000069744             I06081121000000697400006974            10112100000000090000014772001000000000017500000000000000000000000000000000000000000000000000000000000000000000000000882500000000000000000000000000   10112100000000000000000000000RAFAELLA DE FATIMA MICHELON                                         B6000018
10283566299000173866800252060        BOLETO TESTE             00000032            109000000327             I29091121000000003200000032            05082100000000090003410000001000000000076000000000000000000000000000000000000000000000000000000000000000000000000000000000000000000000000000000000         00000000000000000000000DANIEL AUGUSTO KRUG                                                   000019
10283566299000173866800252060        BOLETO TESTE             00000033            109000000335             I29091121000000003300000033            05082100000000090003410000001000000000076000000000000000000000000000000000000000000000000000000000000000000000000000000000000000000000000000000000         00000000000000000000000DANIEL AUGUSTO KRUG                                                   000020
10283566299000173866800252060        BOLETO TESTE             00000034            109000000343             I29091121000000003400000034            05082100000000090003410000001000000000076000000000000000000000000000000000000000000000000000000000000000000000000000000000000000000000000000000000         00000000000000000000000DANIEL AUGUSTO KRUG                                                   000021
10283566299000173866800252060        BOLETO TESTE             00000035            109000000350             I29091121000000003500000035            05082100000000090003410000001000000000076000000000000000000000000000000000000000000000000000000000000000000000000000000000000000000000000000000000         00000000000000000000000DANIEL AUGUSTO KRUG                                                   000022
10283566299000173866800252060        BOLETO TESTE             00000036            109000000368             I29091121000000003600000036            05082100000000090003410000001000000000076000000000000000000000000000000000000000000000000000000000000000000000000000000000000000000000000000000000         00000000000000000000000DANIEL AUGUSTO KRUG                                                   000023
10283566299000173866800252060        BOLETO TESTE             00000037            109000000376             I29091121000000003700000037            05082100000000090003410000001000000000076000000000000000000000000000000000000000000000000000000000000000000000000000000000000000000000000000000000         00000000000000000000000DANIEL AUGUSTO KRUG                                                   000024
10283566299000173866800252060        BOLETO TESTE             00000038            109000000384             I29091121000000003800000038            05082100000000090003410000001000000000076000000000000000000000000000000000000000000000000000000000000000000000000000000000000000000000000000000000         00000000000000000000000DANIEL AUGUSTO KRUG                                                   000025
10283566299000173866800252060        BOLETO TESTE             00000039            109000000392             I29091121000000003900000039            05082100000000090003410000001000000000076000000000000000000000000000000000000000000000000000000000000000000000000000000000000000000000000000000000         00000000000000000000000DANIEL AUGUSTO KRUG                                                   000026
10283566299000173866800252060        BOLETO TESTE             00000040            109000000400             I29091121000000004000000040            05082100000000090003410000001000000000076000000000000000000000000000000000000000000000000000000000000000000000000000000000000000000000000000000000         00000000000000000000000DANIEL AUGUSTO KRUG                                                   000027
10283566299000173866800252060        BOLETO TESTE             00000041            109000000418             I29091121000000004100000041            05082100000000090003410000001000000000076000000000000000000000000000000000000000000000000000000000000000000000000000000000000000000000000000000000         00000000000000000000000DANIEL AUGUSTO KRUG                                                   000028
10283566299000173866800252060        BOLETO TESTE             00000042            109000000426             I29091121000000004200000042            05082100000000090003410000001000000000076000000000000000000000000000000000000000000000000000000000000000000000000000000000000000000000000000000000         00000000000000000000000DANIEL AUGUSTO KRUG                                                   000029
10283566299000173866800252060        BOLETO TESTE             00000043            109000000434             I29091121000000004300000043            05082100000000090003410000001000000000076000000000000000000000000000000000000000000000000000000000000000000000000000000000000000000000000000000000         00000000000000000000000DANIEL AUGUSTO KRUG                                                   000030
10283566299000173866800252060        BOLETO TESTE             00000044            109000000442             I29091121000000004400000044            05082100000000090003410000001000000000076000000000000000000000000000000000000000000000000000000000000000000000000000000000000000000000000000000000         00000000000000000000000DANIEL AUGUSTO KRUG                                                   000031
10283566299000173866800252060        BOLETO TESTE             00000045            109000000459             I29091121000000004500000045            05082100000000090003410000001000000000076000000000000000000000000000000000000000000000000000000000000000000000000000000000000000000000000000000000         00000000000000000000000DANIEL AUGUSTO KRUG                                                   000032
10283566299000173866800252060        BOLETO TESTE             00000046            109000000467             I29091121000000004600000046            05082100000000090003410000001000000000076000000000000000000000000000000000000000000000000000000000000000000000000000000000000000000000000000000000         00000000000000000000000DANIEL AUGUSTO KRUG                                                   000033
10283566299000173866800252060        BOLETO TESTE             00000047            109000000475             I29091121000000004700000047            05082100000000090003410000001000000000076000000000000000000000000000000000000000000000000000000000000000000000000000000000000000000000000000000000         00000000000000000000000DANIEL AUGUSTO KRUG                                                   000034
10283566299000173866800252060        BOLETO TESTE             00000048            109000000483             I29091121000000004800000048            05082100000000090003410000001000000000076000000000000000000000000000000000000000000000000000000000000000000000000000000000000000000000000000000000         00000000000000000000000DANIEL AUGUSTO KRUG                                                   000035
10283566299000173866800252060        BOLETO TESTE             00000049            109000000491             I29091121000000004900000049            05082100000000090003410000001000000000076000000000000000000000000000000000000000000000000000000000000000000000000000000000000000000000000000000000         00000000000000000000000DANIEL AUGUSTO KRUG                                                   000036
10283566299000173866800252060        BOLETO TESTE             00000050            109000000509             I29091121000000005000000050            05082100000000090003410000001000000000076000000000000000000000000000000000000000000000000000000000000000000000000000000000000000000000000000000000         00000000000000000000000DANIEL AUGUSTO KRUG                                                   000037
10283566299000173866800252060        BOLETO TESTE             00000051            109000000517             I29091121000000005100000051            05082100000000090003410000001000000000076000000000000000000000000000000000000000000000000000000000000000000000000000000000000000000000000000000000         00000000000000000000000DANIEL AUGUSTO KRUG                                                   000038
10283566299000173866800252060        BOLETO TESTE             00000052            109000000525             I29091121000000005200000052            05082100000000090003410000001000000000076000000000000000000000000000000000000000000000000000000000000000000000000000000000000000000000000000000000         00000000000000000000000DANIEL AUGUSTO KRUG                                                   000039
10283566299000173866800252060        BOLETO TESTE             00000053            109000000533             I29091121000000005300000053            05082100000000090003410000001000000000076000000000000000000000000000000000000000000000000000000000000000000000000000000000000000000000000000000000         00000000000000000000000DANIEL AUGUSTO KRUG                                                   000040
10283566299000173866800252060        BOLETO TESTE             00000054            109000000541             I29091121000000005400000054            05082100000000090003410000001000000000076000000000000000000000000000000000000000000000000000000000000000000000000000000000000000000000000000000000         00000000000000000000000DANIEL AUGUSTO KRUG                                                   000041
10283566299000173866800252060        BOLETO TESTE             00000055            109000000558             I29091121000000005500000055            05082100000000090003410000001000000000076000000000000000000000000000000000000000000000000000000000000000000000000000000000000000000000000000000000         00000000000000000000000DANIEL AUGUSTO KRUG                                                   000042
10283566299000173866800252060        BOLETO TESTE             00000056            109000000566             I29091121000000005600000056            05082100000000090003410000001000000000076000000000000000000000000000000000000000000000000000000000000000000000000000000000000000000000000000000000         00000000000000000000000DANIEL AUGUSTO KRUG                                                   000043
10283566299000173866800252060        BOLETO TESTE             00000057            109000000574             I29091121000000005700000057            05082100000000090003410000001000000000076000000000000000000000000000000000000000000000000000000000000000000000000000000000000000000000000000000000         00000000000000000000000DANIEL AUGUSTO KRUG                                                   000044
10283566299000173866800252060        BOLETO TESTE             00000058            109000000582             I29091121000000005800000058            05082100000000090003410000001000000000076000000000000000000000000000000000000000000000000000000000000000000000000000000000000000000000000000000000         00000000000000000000000DANIEL AUGUSTO KRUG                                                   000045
10283566299000173866800252060        BOLETO TESTE             00000059            109000000590             I29091121000000005900000059            05082100000000090003410000001000000000076000000000000000000000000000000000000000000000000000000000000000000000000000000000000000000000000000000000         00000000000000000000000DANIEL AUGUSTO KRUG                                                   000046
10283566299000173866800252060        BOLETO TESTE             00000060            109000000608             I29091121000000006000000060            05082100000000090003410000001000000000076000000000000000000000000000000000000000000000000000000000000000000000000000000000000000000000000000000000         00000000000000000000000DANIEL AUGUSTO KRUG                                                   000047
10283566299000173866800252060        BOLETO TESTE             00000061            109000000616             I29091121000000006100000061            05082100000000090003410000001000000000076000000000000000000000000000000000000000000000000000000000000000000000000000000000000000000000000000000000         00000000000000000000000DANIEL AUGUSTO KRUG                                                   000048
10283566299000173866800252060        BOLETO TESTE             00000062            109000000624             I29091121000000006200000062            05082100000000090003410000001000000000076000000000000000000000000000000000000000000000000000000000000000000000000000000000000000000000000000000000         00000000000000000000000DANIEL AUGUSTO KRUG                                                   000049
10283566299000173866800252060        BOLETO TESTE             00000063            109000000632             I29091121000000006300000063            05082100000000090003410000001000000000076000000000000000000000000000000000000000000000000000000000000000000000000000000000000000000000000000000000         00000000000000000000000DANIEL AUGUSTO KRUG                                                   000050
10283566299000173866800252060        BOLETO TESTE             00000064            109000000640             I29091121000000006400000064            05082100000000090003410000001000000000076000000000000000000000000000000000000000000000000000000000000000000000000000000000000000000000000000000000         00000000000000000000000DANIEL AUGUSTO KRUG                                                   000051
10283566299000173866800252060        BOLETO TESTE             00000065            109000000657             I29091121000000006500000065            05082100000000090003410000001000000000076000000000000000000000000000000000000000000000000000000000000000000000000000000000000000000000000000000000         00000000000000000000000DANIEL AUGUSTO KRUG                                                   000052
9201341          000000000000000000000000000000          000000000000000000000000000000                                                  000000000000000000000000000000          0000038500000005096386  10/11S000910000005100000000473000                                                                                                                                                                000053
