02RETORNO01COBRANCA       866800252060        FEPESE                        341BANCO ITAU S.A.11112101600BPI00093121121                                                                                                                                                                                                                                                                                   000001
10283566299000173866800252060        BOLETO TESTE FEPESE      00000267            109000002679             I02111121000000026700000267            11112100000000223543411236901000000000000000000000000000000000000000000000000000000000000000000000000000000000000000000000000000000000000000000000         00000000000000000000000DANIEL AUGUSTO KRUG                                                   000002
10283566299000173866800252060                                 00008474            109000084743             I06101121000000847400008474            10112100000000090002600001801000000000017500000000000000000000000000000000000000000000000000000000000000000000000000882500000000000000000000000000   12112100000000000000000000000RAFAEL FRANCISCO DA SILVA                                           B3000003
10283566299000173866800252060                                 00008475            109000084750             I06101121000000847500008475            10112100000000090002600001801000000000017500000000000000000000000000000000000000000000000000000000000000000000000000882500000000000000000000000000   12112100000000000000000000000GUILHERME HENRIQUE WARMLING                                         B3000004
10283566299000173866800252060        BOLETO TESTE             00000089            109000000897             I29111121000000008900000089            07082100000000090003410000001000000000076000000000000000000000000000000000000000000000000000000000000000000000000000000000000000000000000000000000         00000000000000000000000ECHO                                                                  000005
10283566299000173866800252060        BOLETO TESTE             00000090            109000000905             I29111121000000009000000090            07082100000000100003410000001000000000076000000000000000000000000000000000000000000000000000000000000000000000000000000000000000000000000000000000         00000000000000000000000DANIEL AUGUSTO KRUG                                                   000006
10283566299000173866800252060        BOLETO TESTE             00000091            109000000913             I29111121000000009100000091            07082100000000100003410000001000000000076000000000000000000000000000000000000000000000000000000000000000000000000000000000000000000000000000000000         00000000000000000000000DANIEL AUGUSTO KRUG                                                   000007
10283566299000173866800252060        BOLETO TESTE             00000092            109000000921             I29111121000000009200000092            07082100000000100003410000001000000000076000000000000000000000000000000000000000000000000000000000000000000000000000000000000000000000000000000000         00000000000000000000000DANIEL AUGUSTO KRUG                                                   000008
10283566299000173866800252060        BOLETO TESTE             00000093            109000000939             I29111121000000009300000093            07082100000000100003410000001000000000076000000000000000000000000000000000000000000000000000000000000000000000000000000000000000000000000000000000         00000000000000000000000DANIEL AUGUSTO KRUG                                                   000009
9201341          000000000000000000000000000000          000000000000000000000000000000                                                  000000000000000000000000000000          0000038000000005061740  12/11S000930000000800000000089354                                                                                                                                                                000010
