02RETORNO01COBRANCA       866800252060        FEPESE                        341BANCO ITAU S.A.01112101600BPI00086031121                                                                                                                                                                                                                                                                                   000001
10283566299000173866800252060                                 00006198            109000061980             I02011121000000619800006198            04112100000000120003410548801000000000000000000000000000000000000000000000000000000000000000000000000000000000000000000000000000000000000000000000         00000000000000000000000TIAGO DE MOURA                                                        000002
10283566299000173866800252060                                 00006199            109000061998             I02011121000000619900006199            04112100000000090003411236901000000000000000000000000000000000000000000000000000000000000000000000000000000000000000000000000000000000000000000000         00000000000000000000000DANIEL AUGUSTO KRUG                                                   000003
10283566299000173866800252060                                 00006200            109000062004             I02011121000000620000006200            04112100000000090003410289901000000000000000000000000000000000000000000000000000000000000000000000000000000000000000000000000000000000000000000000         00000000000000000000000JORDAN WILLIAMS NEVES CIPRIANO                                        000004
10283566299000173866800252060                                 00006201            109000062012             I02011121000000620100006201            04112100000000040003410289901000000000000000000000000000000000000000000000000000000000000000000000000000000000000000000000000000000000000000000000         00000000000000000000000JORDAN WILLIAMS NEVES CIPRIANO                                        000005
10283566299000173866800252060                                 00006202            109000062020             I02011121000000620200006202            04112100000000120003410802901000000000000000000000000000000000000000000000000000000000000000000000000000000000000000000000000000000000000000000000         00000000000000000000000FABIANE FIDELIS QUERINO                                               000006
10283566299000173866800252060                                 00006203            109000062038             I02011121000000620300006203            04112100000000120003410548801000000000000000000000000000000000000000000000000000000000000000000000000000000000000000000000000000000000000000000000         00000000000000000000000CLARISSA FRANCINE CRUZ DE SOUZ                                        000007
10283566299000173866800252060                                 00006204            109000062046             I02011121000000620400006204            04112100000000120003410464801000000000000000000000000000000000000000000000000000000000000000000000000000000000000000000000000000000000000000000000         00000000000000000000000CRISTIANE APARECIDA DA SILVA                                          000008
10283566299000173866800252060                                 00006205            109000062053             I02011121000000620500006205            06112100000000120003410044801000000000000000000000000000000000000000000000000000000000000000000000000000000000000000000000000000000000000000000000         00000000000000000000000FERNANDA MASSAROTTO DANDARO                                           000009
10283566299000173866800252060                                 00006155            109000061550             I06291021000000615500006155            30102100000000120003414374501000000000017500000000000000000000000000000000000000000000000000000000000000000000000001182500000000000000000000000000   03112100000000000000000000000RAFAEL CRISOSTOMO ALVES                                             BL000010
10283566299000173866800252060                                 00006187            109000061873             I06291021000000618700006187            02112100000000090007562194901000000000017500000000000000000000000000000000000000000000000000000000000000000000000000882500000000000000000000000000   03112100000000000000000000000JOAO FELIPE DELFINO                                                 B3000011
10283566299000173866800252060                                 00006189            109000061899             I06291021000000618900006189            02112100000000140000010453101000000000017500000000000000000000000000000000000000000000000000000000000000000000000001382500000000000000000000000000   03112100000000000000000000000JAQUELINE CARLA GUSE                                                B6000012
10283566299000173866800252060                                 00006193            109000061931             I06291021000000619300006193            03112100000000120000012383801000000000017500000000000000000000000000000000000000000000000000000000000000000000000001182500000000000000000000000000   03112100000000000000000000000JULIANE PACHECO                                                     B3000013
10283566299000173866800252060                                 00006194            109000061949             I06291021000000619400006194            03112100000000120003410289901000000000017500000000000000000000000000000000000000000000000000000000000000000000000001182500000000000000000000000000   03112100000000000000000000000VITOR GOEDERT MENDES                                                BL000014
10283566299000173866800252060                                 00006195            109000061956             I06291021000000619500006195            03112100000000120000012901701000000000017500000000000000000000000000000000000000000000000000000000000000000000000001182500000000000000000000000000   03112100000000000000000000000ALINIE ROCHA MENDES                                                 B6000015
10283566299000173866800252060                                 00006196            109000061964             I06291021000000619600006196            03112100000000120002370223801000000000017500000000000000000000000000000000000000000000000000000000000000000000000001182500000000000000000000000000   03112100000000000000000000000ALEXANDRE DINIZ JUNQUEIRA                                           B3000016
10283566299000173866800252060                                 00000012            109000000129             I29011121000000001200000012            26082100000000040003410000001000000000076000000000000000000000000000000000000000000000000000000000000000000000000000000000000000000000000000000000         00000000000000000000000ANNA CAROLINA BRITO GOULART SA                                        000017
10283566299000173866800252060                                 00000081            109000000814             I29011121000000008100000081            28082100000000040003410000001000000000076000000000000000000000000000000000000000000000000000000000000000000000000000000000000000000000000000000000         00000000000000000000000MILENA BECKER XAVIER                                                  000018
9201341          000000000000000000000000000000          000000000000000000000000000000                                                  000000000000000000000000000000          0000036800000004916386  03/11S000860000001700000000173000                                                                                                                                                                000019
