02RETORNO01COBRANCA       866800252060        FEPESE                        341BANCO ITAU S.A.05112101600BPI00089081121                                                                                                                                                                                                                                                                                   000001
10283566299000173866800252060                                 00006954            109000069546             I02051121000000695400006954            10112100000000090003410289901000000000000000000000000000000000000000000000000000000000000000000000000000000000000000000000000000000000000000000000         00000000000000000000000ALEXANDRE SAUL VIEIRA DE SOUZA                                        000002
10283566299000173866800252060                                 00006955            109000069553             I02051121000000695500006955            10112100000000140003410219601000000000000000000000000000000000000000000000000000000000000000000000000000000000000000000000000000000000000000000000         00000000000000000000000ANDERSON DE OLIVEIRA REIS                                             000003
10283566299000173866800252060                                 00006956            109000069561             I02051121000000695600006956            10112100000000090003410289901000000000000000000000000000000000000000000000000000000000000000000000000000000000000000000000000000000000000000000000         00000000000000000000000ROMULO LUTKE JAREK                                                    000004
10283566299000173866800252060                                 00006957            109000069579             I02051121000000695700006957            10112100000000120003410548801000000000000000000000000000000000000000000000000000000000000000000000000000000000000000000000000000000000000000000000         00000000000000000000000CRISTINA VIANA DE JESUS                                               000005
10283566299000173866800252060                                 00006958            109000069587             I02051121000000695800006958            10112100000000120003410289901000000000000000000000000000000000000000000000000000000000000000000000000000000000000000000000000000000000000000000000         00000000000000000000000SARA MEURER                                                           000006
10283566299000173866800252060                                 00006959            109000069595             I02051121000000695900006959            10112100000000120003412897701000000000000000000000000000000000000000000000000000000000000000000000000000000000000000000000000000000000000000000000         00000000000000000000000VAGNER LUIZ SOARES MONTEIRO                                           000007
10283566299000173866800252060                                 00006960            109000069603             I02051121000000696000006960            10112100000000090003411570101000000000000000000000000000000000000000000000000000000000000000000000000000000000000000000000000000000000000000000000         00000000000000000000000AUGUSTO ROBERTO TEODOSIO DA SI                                        000008
10283566299000173866800252060                                 00006961            109000069611             I02051121000000696100006961            10112100000000140003410289901000000000000000000000000000000000000000000000000000000000000000000000000000000000000000000000000000000000000000000000         00000000000000000000000MARIA DENIZE HENRIQUE CASAGRAN                                        000009
10283566299000173866800252060                                 00006152            109000061527             I06041121000000615200006152            29102100000000040000011433201000000000017500000000000000000000000000000000000000000000000000000000000000000000000000382500000000000000000000000000   08112100000000000000000000000FELYX GABRIEL FULANETE BENTO                                        B6000010
10283566299000173866800252060        BOLETO TESTE             00000005            109000000053             I29051121000000000500000005            01082100000000010003410000001000000000076000000000000000000000000000000000000000000000000000000000000000000000000000000000000000000000000000000000         00000000000000000000000DANIEL AUGUSTO KRUG                                                   000011
10283566299000173866800252060        BOLETO TESTE             00000006            109000000061             I29051121000000000600000006            01082100000000010003410000001000000000076000000000000000000000000000000000000000000000000000000000000000000000000000000000000000000000000000000000         00000000000000000000000DANIEL AUGUSTO KRUG                                                   000012
10283566299000173866800252060        BOLETO TESTE             00000013            109000000137             I29051121000000001300000013            01092100000000010003410000001000000000076000000000000000000000000000000000000000000000000000000000000000000000000000000000000000000000000000000000         00000000000000000000000DANIEL AUGUSTO KRUG                                                   000013
10283566299000173866800252060        BOLETO TESTE             00000015            109000000152             I29051121000000001500000015            01082100000000010003410000001000000000076000000000000000000000000000000000000000000000000000000000000000000000000000000000000000000000000000000000         00000000000000000000000DANIEL AUGUSTO KRUG                                                   000014
10283566299000173866800252060                                 00000085            109000000855             I29051121000000008500000085            01092100000000080003410000001000000000076000000000000000000000000000000000000000000000000000000000000000000000000000000000000000000000000000000000         00000000000000000000000PAULO HENRIQUE LEITE VALENCA                                          000015
9201341          000000000000000000000000000000          000000000000000000000000000000                                                  000000000000000000000000000000          0000037300000004990386  08/11S000890000001400000000107000                                                                                                                                                                000016
