02RETORNO01COBRANCA       866800252060        FEPESE                        341BANCO ITAU S.A.03112101600BPI00087041121                                                                                                                                                                                                                                                                                   000001
10283566299000173866800252060                                 00006206            109000062061             I02031121000000620600006206            07112100000000120003410804501000000000000000000000000000000000000000000000000000000000000000000000000000000000000000000000000000000000000000000000         00000000000000000000000RODRIGO RENGEL                                                        000002
10283566299000173866800252060                                 00006207            109000062079             I02031121000000620700006207            07112100000000120003410289901000000000000000000000000000000000000000000000000000000000000000000000000000000000000000000000000000000000000000000000         00000000000000000000000ANDERSON BETTI FRARE                                                  000003
10283566299000173866800252060                                 00006208            109000062087             I02031121000000620800006208            08112100000000120003410289901000000000000000000000000000000000000000000000000000000000000000000000000000000000000000000000000000000000000000000000         00000000000000000000000JANUARIO JOSE MONTEIRO                                                000004
10283566299000173866800252060                                 00006209            109000062095             I02031121000000620900006209            08112100000000090003410289901000000000000000000000000000000000000000000000000000000000000000000000000000000000000000000000000000000000000000000000         00000000000000000000000TAIS PARRACHO DOS SANTOS                                              000005
10283566299000173866800252060                                 00006210            109000062103             I02031121000000621000006210            08112100000000140003410297201000000000000000000000000000000000000000000000000000000000000000000000000000000000000000000000000000000000000000000000         00000000000000000000000MARIANA DOREA FIGUEIREDO PINTO                                        000006
10283566299000173866800252060                                 00006211            109000062111             I02031121000000621100006211            08112100000000120003412897701000000000000000000000000000000000000000000000000000000000000000000000000000000000000000000000000000000000000000000000         00000000000000000000000THAIS EUGENIO DE MORAES                                               000007
10283566299000173866800252060                                 00006212            109000062129             I02031121000000621200006212            08112100000000120003410330101000000000000000000000000000000000000000000000000000000000000000000000000000000000000000000000000000000000000000000000         00000000000000000000000DEBORA LONDERO KIELING                                                000008
10283566299000173866800252060                                 00001743            109000017438             I06011121000000174300001743            24102100000000040000011265801000000000017500000000000000000000000000000000000000000000000000000000000000000000000000382500000000000000000000000000   04112100000000000000000000000POLIANA LEITE GOMES                                                 B6000009
10283566299000173866800252060                                 00006169            109000061691             I06011121000000616900006169            31102100000000090007488083801000000000017500000000000000000000000000000000000000000000000000000000000000000000000000882500000000000000000000000000   04112100000000000000000000000DAVID PEREIRA DA COSTA                                              B3000010
10283566299000173866800252060                                 00006174            109000061741             I06011121000000617400006174            31102100000000120002370763301000000000017500000000000000000000000000000000000000000000000000000000000000000000000001182500000000000000000000000000   04112100000000000000000000000JAMILLE CARLA OLIVEIRA ARAUJO                                       B3000011
10283566299000173866800252060                                 00006190            109000061907             I06011121000000619000006190            02112100000000090003417815401000000000017500000000000000000000000000000000000000000000000000000000000000000000000000882500000000000000000000000000   04112100000000000000000000000PAULO CESAR PANSINI                                                 Q0000012
10283566299000173866800252060                                 00006192            109000061923             I06011121000000619200006192            03112100000000140001040018201000000000017500000000000000000000000000000000000000000000000000000000000000000000000001382500000000000000000000000000   04112100000000000000000000000CLESTON ALEXANDRE DOS SANTOS                                        B3000013
10283566299000173866800252060                                 00006198            109000061980             I06011121000000619800006198            04112100000000120001043552701000000000017500000000000000000000000000000000000000000000000000000000000000000000000001182500000000000000000000000000   04112100000000000000000000000TIAGO DE MOURA                                                      B3000014
10283566299000173866800252060                                 00006201            109000062012             I06011121000000620100006201            04112100000000040000010428301000000000017500000000000000000000000000000000000000000000000000000000000000000000000000382500000000000000000000000000   04112100000000000000000000000JORDAN WILLIAMS NEVES CIPRIANO                                      B6000015
9201341          000000000000000000000000000000          000000000000000000000000000000                                                  000000000000000000000000000000          0000036800000004935386  04/11S000870000001400000000147000                                                                                                                                                                000016
