02RETORNO01COBRANCA       866800252060        FEPESE                        341BANCO ITAU S.A.04112101600BPI00088051121                                                                                                                                                                                                                                                                                   000001
10283566299000173866800252060                                 00006213            109000062137             I02041121000000621300006213            09112100000000120003413857001000000000000000000000000000000000000000000000000000000000000000000000000000000000000000000000000000000000000000000000         00000000000000000000000GEOVANA APARECIDA PIRES CHAGAS                                        000002
10283566299000173866800252060                                 00006214            109000062145             I02041121000000621400006214            09112100000000090003410289901000000000000000000000000000000000000000000000000000000000000000000000000000000000000000000000000000000000000000000000         00000000000000000000000GUILHERME LUCCHESI DE SOUZA                                           000003
10283566299000173866800252060                                 00006215            109000062152             I02041121000000621500006215            09112100000000090003410289901000000000000000000000000000000000000000000000000000000000000000000000000000000000000000000000000000000000000000000000         00000000000000000000000FERNANDA BORGES LUHMANN                                               000004
10283566299000173866800252060                                 00006216            109000062160             I02041121000000621600006216            09112100000000090003416243001000000000000000000000000000000000000000000000000000000000000000000000000000000000000000000000000000000000000000000000         00000000000000000000000ALESSANDRA BEATRIZ RIBEIRO DA                                         000005
10283566299000173866800252060                                 00006178            109000061782             I06031121000000617800006178            31102100000000090002370196601000000000017500000000000000000000000000000000000000000000000000000000000000000000000000882500000000000000000000000000   05112100000000000000000000000BRUNA JOANA GOULART                                                 B3000006
10283566299000173866800252060                                 00006186            109000061865             I06031121000000618600006186            02112100000000120000013525301000000000017500000000000000000000000000000000000000000000000000000000000000000000000001182500000000000000000000000000   05112100000000000000000000000IVANA CRISTINA FAUSTINO CAMARA                                      B6000007
10283566299000173866800252060                                 00006188            109000061881             I06031121000000618800006188            02112100000000140006330001801000000000017500000000000000000000000000000000000000000000000000000000000000000000000001382500000000000000000000000000   05112100000000000000000000000FABIO PRADO DOS SANTOS SANTANA                                      B3000008
10283566299000173866800252060                                 00006202            109000062020             I06031121000000620200006202            04112100000000120000010032301000000000017500000000000000000000000000000000000000000000000000000000000000000000000001182500000000000000000000000000   05112100000000000000000000000FABIANE FIDELIS QUERINO                                             B6000009
10283566299000173866800252060                                 00006211            109000062111             I06031121000000621100006211            08112100000000120002120001801000000000017500000000000000000000000000000000000000000000000000000000000000000000000001182500000000000000000000000000   05112100000000000000000000000THAIS EUGENIO DE MORAES                                             B3000010
10283566299000173866800252060                                 00006212            109000062129             I06031121000000621200006212            08112100000000120002600001801000000000017500000000000000000000000000000000000000000000000000000000000000000000000001182500000000000000000000000000   05112100000000000000000000000DEBORA LONDERO KIELING                                              B3000011
10283566299000173866800252060        BOLETO TESTE             00000001            109000000012             I29041121000000000100000001            31072100000000010003410000001000000000076000000000000000000000000000000000000000000000000000000000000000000000000000000000000000000000000000000000         00000000000000000000000DANIEL AUGUSTO KRUG                                                   000012
10283566299000173866800252060        BOLETO TESTE             00000002            109000000020             I29041121000000000200000002            31072100000000010003410000001000000000076000000000000000000000000000000000000000000000000000000000000000000000000000000000000000000000000000000000         00000000000000000000000DANIEL AUGUSTO KRUG                                                   000013
10283566299000173866800252060        BOLETO TESTE             00000003            109000000038             I29041121000000000300000003            31072100000000010003410000001000000000076000000000000000000000000000000000000000000000000000000000000000000000000000000000000000000000000000000000         00000000000000000000000ECHO PONG                                                             000014
10283566299000173866800252060        BOLETO TESTE             00000004            109000000046             I29041121000000000400000004            31072100000000010003410000001000000000076000000000000000000000000000000000000000000000000000000000000000000000000000000000000000000000000000000000         00000000000000000000000DANIEL AUGUSTO KRUG                                                   000015
10283566299000173866800252060                                 00000082            109000000822             I29041121000000008200000082            31082100000000040003410000001000000000076000000000000000000000000000000000000000000000000000000000000000000000000000000000000000000000000000000000         00000000000000000000000DIEGO SILVA SANTOS                                                    000016
9201341          000000000000000000000000000000          000000000000000000000000000000                                                  000000000000000000000000000000          0000036600000004903386  05/11S000880000001500000000118000                                                                                                                                                                000017
