02RETORNO01COBRANCA       866800252060        FEPESE                        341BANCO ITAU S.A.15092101600BPI00056160921                                                                                                                                                                                                                                                                                   000001
10283566299000173866800252060                                 00001659            109000016596             I02150921000000165900001659            22092100000000140003410369901000000000000000000000000000000000000000000000000000000000000000000000000000000000000000000000000000000000000000000000         00000000000000000000000RODRIGO VICENTE DOS PRAZERES                                          000002
10283566299000173866800252060                                 00001660            109000016604             I02150921000000166000001660            22092100000000080003410132101000000000000000000000000000000000000000000000000000000000000000000000000000000000000000000000000000000000000000000000         00000000000000000000000LUCIANE CENSON                                                        000003
9201341          000000000000000000000000000000          000000000000000000000000000000                                                  000000000000000000000000000000          0000010300000000882000  16/09S000560000000200000000022000                                                                                                                                                                000004
