02RETORNO01COBRANCA       866800252060        FEPESE                        341BANCO ITAU S.A.13092101600BPI00054140921                                                                                                                                                                                                                                                                                   000001
10283566299000173866800252060                                 00001657            109000016570             I02130921000000165700001657            18092100000000080003410946401000000000000000000000000000000000000000000000000000000000000000000000000000000000000000000000000000000000000000000000         00000000000000000000000MANOEL FRANCELINO DOS SANTOS F                                        000002
9201341          000000000000000000000000000000          000000000000000000000000000000                                                  000000000000000000000000000000          0000010200000000868000  14/09S000540000000100000000008000                                                                                                                                                                000003
