02RETORNO01COBRANCA       866800252060        FEPESE                        341BANCO ITAU S.A.14092101600BPI00055150921                                                                                                                                                                                                                                                                                   000001
10283566299000173866800252060                                 00001658            109000016588             I02140921000000165800001658            21092100000000080003411570101000000000000000000000000000000000000000000000000000000000000000000000000000000000000000000000000000000000000000000000         00000000000000000000000STELA BUENO MERGNER                                                   000002
10283566299000173866800252060                                 00001656            109000016562             I06130921000000165600001656            16092100000000080001043352201000000000017500000000000000000000000000000000000000000000000000000000000000000000000000782500000000000000000000000000   15092100000000000000000000000HUGO HENRIQUE SAULLIN ALVARO                                        B3000003
10283566299000173866800252060                                 00001657            109000016570             I06130921000000165700001657            18092100000000080000010754201000000000017500000000000000000000000000000000000000000000000000000000000000000000000000782500000000000000000000000000   15092100000000000000000000000MANOEL FRANCELINO DOS SANTOS F                                      B6000004
9201341          000000000000000000000000000000          000000000000000000000000000000                                                  000000000000000000000000000000          0000010100000000860000  15/09S000550000000300000000024000                                                                                                                                                                000005
